2670 4786
571 334 757 394 ..6-

113 515 278 577 Darestius
299 513 338 577 de
360 535 436 576 uera
466 513 558 576 huius
588 514 737 576 orationis
765 514 883 591 origine
913 536 1065 597 quaerere
1091 517 1219 579 omnino

114 613 290 699 supersedit
302 613 333 692 ¹).

187 713 287 777 Haeo
317 715 382 777 fere
411 713 643 799 praemonenda
671 720 771 794 erant,
801 721 835 775 ut
857 713 929 777 inde
958 736 977 776 a
1004 717 1105 797 primo
1128 716 1220 779 initio

113 820 196 878 esset
221 815 431 899 perspicuum,
460 835 595 896 quonam
625 835 723 898 usque
753 815 892 877 uirorum
920 814 1081 878 doctorum
1110 817 1218 879 studia

113 915 145 976 in
166 914 227 977 hae
249 915 388 979 oratione
417 914 617 978 diiudicanda
646 914 877 999 processissent.
921 916 1011 1003 Quae
1039 938 1110 978 oum
1134 917 1219 980 eius-

32 1044 34 1049 ·
113 1014 198 1078 modi
221 1015 291 1094 sint,
314 1022 350 1078 ut
371 1015 583 1078 Horatianum
611 1014 689 1077 illud
724 1014 846 1093 ,adhue
875 1015 932 1077 sub
961 1015 1063 1079 iudice
1086 1017 1124 1078 lis
1147 1018 1215 1079 est“

62 1126 64 1130 '
106 1115 154 1178 'ad
176 1137 247 1178 eam
270 1115 336 1178 fere
359 1138 420 1178 non
442 1116 504 1178 iarn
535 1115 633 1200 possit
663 1114 815 1195 adhiberi,
838 1114 929 1177 facile
953 1114 1037 1177 dioat
1059 1117 1219 1199 quispiam

113 1215 207 1301 plane
240 1237 510 1298 superuacaneum
537 1237 607 1278 esse
640 1215 741 1278 denuo
771 1214 810 1278 do
840 1216 1022 1298 quaestione
1052 1216 1092 1278 ad
1121 1218 1218 1279 finem

114 1323 149 1378 ut
171 1316 260 1378 aiunt
282 1316 433 1400 perducta
455 1314 640 1398 disoeptare.
676 1315 737 1378 Cui
755 1315 898 1396 equidem
922 1316 1118 1401 respondebo
1141 1318 1222 1380 mihi

48 1486 54 1497 ,
115 1435 238 1500 quoque
262 1437 343 1499 quae
366 1416 424 1478 uiri
445 1416 490 1478 illi
519 1415 602 1478 docti
630 1422 738 1478 eontra
760 1415 1036 1479 Demosthenicum
1067 1420 1221 1481 orationis

115 1516 267 1599 originem
290 1516 487 1598 protulerunt
508 1514 635 1597 probari
655 1515 711 1577 illa
726 1514 852 1598 quidem
874 1523 906 1578 et
928 1523 1080 1600 tanquam
1103 1518 1219 1581 funda-

114 1623 221 1679 menta
249 1616 344 1679 totius
372 1616 564 1700 quaestionis
593 1636 671 1696 esse,
701 1614 755 1678 sod
785 1615 973 1678 stabilienda
1007 1616 1108 1680 uideri
1139 1639 1220 1699 esse,

116 1737 177 1799 quo
199 1716 322 1779 facilius
345 1715 414 1778 aliis
437 1714 675 1799 persuadeatur,
697 1721 732 1777 ut
754 1715 915 1778 nobiseum
938 1716 1090 1779 factitent.

199 1816 305 1898 Atque
327 1815 451 1878 initium
481 1822 516 1878 ut
543 1815 705 1901 sapiamus
727 1814 912 1899 inquirendi,
941 1818 1176 1901 proficiscamur
1199 1842 1220 1881 a

116 1917 298 1996 quaestione
318 1914 511 1997 difficillima,
529 1914 570 1978 ad
592 1937 687 1999 quam
709 1914 781 1978 inde
802 1915 842 1978 ab
865 1916 1002 1997 antiquis
1024 1919 1219 2000 temporibus

115 2015 275 2099 usquead
296 2014 353 2078 hos
375 2036 536 2100 supremos
559 2036 657 2078 annos
678 2015 737 2078 uiri
759 2014 842 2078 docti
862 2015 983 2077 animos
1005 2017 1056 2078 uei
1078 2018 1219 2081 maxime

116 2115 327 2195 attenderunt,
348 2137 419 2178 eum
441 2116 521 2178 alius
543 2115 638 2178 aliam
661 2114 888 2200 persoluendae
910 2114 1104 2179 difficultatis
1125 2118 1219 2181 iniret

115 2217 278 2280 rationem.
310 2216 489 2295 Quaeritur,
513 2223 618 2279 utrum
640 2216 681 2279 ab
703 2237 765 2279 uno
781 2215 957 2300 Chrysippo
981 2238 1022 2279 an
1044 2238 1063 2279 a
1085 2218 1218 2299 duobus,

30 2334 35 2341 ·
117 2317 292 2401 Chrysippo
315 2317 445 2399 eiusque
466 2315 573 2396 fratre,
595 2336 635 2378 an
651 2337 670 2378 a
685 2315 784 2378 tribus
804 2316 884 2378 hano
904 2316 1078 2380 orationem
1099 2319 1217 2381 dietam

116 2438 186 2496 esse
207 2437 399 2497 censeamus,
423 2416 538 2500 quippe
552 2416 585 2483 in
601 2434 663 2496 qua
685 2436 802 2477 nouum
823 2414 901 2478 illud
924 2423 1019 2500 atque
1040 2417 1218 2482 inauditum

116 2517 182 2598 fiat,
204 2523 240 2579 ut
260 2517 286 2580 is
309 2537 403 2601 quern
424 2515 511 2578 initio
533 2516 637 2597 ipsum
652 2514 749 2578 uerba
771 2514 874 2578 faeere
889 2515 1032 2579 uidemus
1047 2553 1084 2559 -
1103 2518 1141 2580 of.
1157 2517 1216 2598 §.6

116 2617 173 2696 ἐγὼ
196 2616 355 2690 ἐδάνεισα,
379 2615 418 2679 al.
440 2653 481 2660 —
502 2614 589 2677 haud
610 2616 708 2678 multo
738 2621 808 2700 post
838 2616 950 2679 tertiae
972 2638 1125 2698 personae
1147 2641 1216 2703 pro-

116 2718 240 2782 nomine
277 2717 374 2780 semel
411 2717 566 2779 iterumue
609 2716 800 2795 significetur
836 2752 877 2758 —
913 2717 949 2779 of.
986 2716 1012 2796 ξ.
1045 2719 1084 2780 23
1122 2721 1216 2793 οὗτος

117 2820 287 2892 ἐδάνεισεν,
322 2819 361 2880 al.
417 2818 523 2901 Atque
555 2817 690 2901 primum
723 2816 884 2896 Libanius,
918 2836 1011 2897 quem
1044 2825 1217 2902 sequuntur

117 2904 385 2998 Sohoemannus2)
404 2925 435 2981 et
450 2918 488 2980 A.
504 2917 541 2980 C.
556 2915 760 2997 Beokerus3),
780 2917 812 2978 in
832 2924 1017 2998 argumento
1035 2918 1081 2980 ita
1103 2918 1215 2981 diuidit

117 3019 299 3098 orationem,
334 3024 368 3081 ut
400 3017 536 3100 priorem
564 3022 684 3099 partem
714 3037 813 3099 usque
843 3016 883 3079 ad
911 3017 1147 3101 paragraphum
1176 3021 1211 3080 21

117 3119 324 3204 pertinentem
341 3118 515 3202 Chrysippo
539 3123 569 3180 et
592 3136 673 3197 quae
695 3115 768 3178 inde
790 3117 928 3179 auerhis
950 3118 1091 3193 ἀκούσας
1104 3120 1216 3181 τοίνυν

116 3224 197 3298 ἡμῶν
225 3220 373 3300 leguntur
411 3218 500 3280 alteri
536 3215 697 3295 tribuat4).
746 3215 894 3279 Reiskius
928 3217 1000 3279 huie
1033 3223 1096 3280 tres
1132 3218 1218 3280 addit

117 3319 342 3402 paragraphos,
377 3325 412 3380 ut
448 3317 515 3380 eius
551 3317 653 3402 prima
689 3316 788 3379 uerba
825 3318 885 3379 sint
920 3318 952 3379 in
985 3316 1011 3396 ἓ,
1048 3320 1085 3379 18
1122 3318 1216 3381 haee:

202 3493 220 3555 ¹)
241 3497 293 3559 ,les
311 3495 462 3561 plaidoyers
480 3494 555 3544 eivils
573 3494 605 3544 de
624 3491 810 3553 Demosthene,
828 3493 940 3544 traduits
959 3511 990 3544 en
1009 3493 1133 3558 sranqais,
1153 3512 1217 3546 aree

117 3581 271 3644 arguments
289 3581 315 3628 et
332 3573 431 3639 notes“‚
450 3576 525 3627 Paris
543 3573 616 3637 1875,
634 3576 687 3627 uol.
705 3575 725 3624 Ι.
744 3591 805 3640 pag.
823 3572 880 3626 293.

199 3657 222 3723 2)
239 3660 322 3711 Μείει·
350 3659 404 3709 und
434 3658 609 3721 Sohoernann,
640 3658 701 3720 ,der
729 3658 842 3708 attisohe
871 3656 1004 3720 Pr·ooess“‚
1034 3659 1113 3710 Halle
1144 3657 1217 3722 1824,

117 3760 178 3810 pag.
196 3740 253 3796 711.
271 3747 325 3794 not.
342 3739 383 3793 22.

116 3843 119 3850 ’
200 3825 220 3889 3)
241 3828 447 3892 ,Demosthenes
465 3828 505 3878 als
523 3827 693 3878 Staatsrnann
712 3825 765 3876 und
783 3823 913 3888 Redrror·“,
938 3826 1017 3877 Helle
1036 3827 1089 3876 und
1108 3827 1218 3895 Leipzig

118 3907 191 3974 1815,
209 3928 270 3978 pag.
287 3909 338 3962 426
355 3928 413 3977 pru.

200 3993 221 4057 ⁴)
239 4011 300 4062 pag.
321 3993 380 4058 906,
402 3992 434 4046 17
457 3988 593 4059 τετήρηται
617 3990 646 4041 di
670 3991 701 4042 ἐν
722 3991 758 4056 τῷ
781 3987 854 4057 λόγῳ
877 3987 976 4041 ταύτὸν
996 3986 1064 4056 ὅπερ
1086 3992 1130 4040 καὶ
1156 3995 1216 4059 περὶ

118 4073 166 4128 τὸν
190 4074 259 4128 κατὰ
278 4079 404 4148 Νεαίρας,
427 4073 466 4129 ὅτι
488 4074 528 4148 μὴ
552 4074 593 4144 ὑφ’
619 4070 798 4145 ἑνὸςέἴρηται
822 4072 976 4144 ττροςώποιτ,
1011 4072 1065 4126 ἀλλ’
1087 4075 1143 4126 ἐκεῖ
1165 4077 1219 4147 μὲν

118 4165 247 4233 ἑκατέρου
269 4161 399 4231 διαστολὴ
417 4161 534 4234 φανερὰ,
559 4164 680 4215 ἐνταῦθα
705 4162 734 4214 δὲ
753 4165 926 4229 συγκέχυται.
964 4161 1041 4212 δοκεῖ
1066 4161 1094 4212 δὲ
1123 4162 1217 4232 ἔμοιγε

119 4249 248 4302 ἐντεῦθεν
265 4248 279 4303 ὁ
298 4248 424 4322 δεύτερος
441 4252 531 4318 λέγειν
551 4245 686 4320 ηιὲκοιίιτιις
704 4252 798 4300 τοίνυν
815 4243 918 4318 ἡμῶν.
940 4286 945 4297 .
967 4245 988 4298 .“
1008 4248 1064 4298 κτλ.
