2854 4960
632 400 672 462 33
716 433 756 440 -.

99 584 161 668 ἐγὼ
185 584 229 658 δέ,
255 584 295 646 al.
337 582 527 666 Saepissime
555 603 626 645 oum
659 582 973 665 enthymematis
1000 583 1199 646 coniunctum

100 691 149 748 est
176 682 362 764 antitheton,
390 683 429 745 cf.
450 682 495 762 ἓξ.
516 685 557 746 26
586 685 641 746 καὶ
667 695 737 756 τοῖς
766 682 820 757 μὲν
836 705 885 726 -·
903 683 1011 765 τούτῳ
1032 683 1065 744 δέ
1079 709 1135 755 -;
1158 684 1197 746 27

98 785 260 858 κάκείνους
280 783 337 864 μὲν
347 807 397 826 -—·
413 784 537 844 τούτου
559 782 658 854 δι’-ς
681 781 755 844 ibid.
776 782 828 842 καὶ
852 790 911 844 νῦν
933 783 987 862 μὲν
1001 807 1053 828 -·
1072 784 1105 844 ἕν
1119 787 1200 844 Βοσ-

98 883 188 968 πόρῳ
205 883 237 946 oe'
249 911 303 956 -5
319 887 360 948 28
375 886 430 944 καὶ
444 884 545 962 οἱμὲν
560 881 656 968 ἄλλοι
672 883 792 955 πάντες
804 908 853 926 -·
871 885 912 944 σὺ
924 885 957 944 δι’
972 911 1026 954 -;
1043 885 1083 946 43
1098 883 1201 946 δεινὸν

98 985 161 1070 γὰρ
184 977 224 1044 οἷν
246 983 302 1060 εἴη,
317 987 342 1045 εἰ
365 986 420 1065 μὲν
432 1022 481 1056 -,
499 985 582 1046 εἶναί
596 1007 650 1063 μοι
665 985 747 1058 κτλ,
764 984 870 1056 ἐπειδὴ
892 985 926 1045 δὲ
937 1020 988 1055 -ι
1007 984 1046 1060 ph
1062 985 1200 1064 Φάσκειν

99 1089 182 1157 κτλ,
205 1085 244 1148 45
266 1085 404 1163 πάθοιμι
428 1077 548 1165 με’ντᾶν
568 1083 613 1143 τὰ
642 1081 830 1155 δεινότατα,
852 1085 879 1142 εἰ
907 1085 937 1144 οἱ
959 1084 1017 1160 μὲν
1044 1082 1137 1165 νόμοι
1149 1117 1201 1160 -,

98 1189 188 1264 ὑμεῖς
214 1185 309 1254 ὒὲ-,
331 1185 370 1247 47
395 1192 457 1258 πῶς
480 1184 509 1242 δ’
527 1187 584 1243 οὐκ
607 1175 649 1244 ἂν
671 1182 714 1255 εἴη
736 1178 876 1253 ἄτοπον,
898 1184 980 1242 εἰ-
995 1184 1108 1261 τὸμὲν
1129 1187 1201 1264 ὁμο-

100 1285 295 1364 λογούμενον
323 1283 444 1368 ἄκυμον
471 1286 631 1356 ποιήσετε,
657 1281 698 1342 τὸ
727 1283 756 1341 δ’
774 1282 1070 1364 α’μφιςβητοὺμενον
1095 1285 1202 1367 κύριον

99 1386 293 1462 ψηφιεῖσθε,
316 1385 355 1446 49
378 1386 436 1443 οὐκ
457 1381 516 1445 οὖν
535 1383 675 1457 ἄτοπον,
698 1385 725 1444 εἰ
740 1417 780 1424 --
794 1382 834 1443 τὸ
856 1383 911 1458 μὲν
932 1383 1010 1467 πρὸς
1031 1395 1093 1444 τοῦ
1122 1386 1202 1444 ἀπο-

100 1491 296 1567 στεροῦντος
311 1493 433 1556 πιστῶς
448 1483 639 1557 ἀκούσεσθε,
653 1484 693 1543 τὸ
710 1485 738 1543 δ’
752 1483 830 1569 ὑπὲρ
844 1491 907 1544 τῶν
918 1483 1203 1567 ἀποστερουμένων

100 1579 248 1644 ἄπιστον
275 1585 373 1643 ἔσται
400 1585 475 1668 παρ’
497 1587 589 1662 ὑμῖν,
619 1581 659 1645 eI.
702 1581 764 1657 Qui
796 1603 945 1646 numerus
978 1582 1202 1646 antithetomm

99 1683 201 1745 maior
222 1680 347 1746 uidetur
368 1702 448 1762 esse,
469 1703 566 1767 quam
587 1689 624 1745 ut
645 1683 744 1768 possit
765 1683 902 1769 probari.

186 1789 327 1855 Transeo
348 1811 432 1854 nuno
452 1785 494 1854 ad
522 1791 682 1874 figuras
709 1792 1011 1856 sententiarum.

184 1890 292 1974 Atque
311 1894 534 1968 ἠθοποιίας
555 1891 683 1977 quidem
703 1892 766 1957 duo
780 1898 909 1957 exstent
930 1892 1088 1978 exempla,
1103 1890 1148 1972 ἐξ.
1164 1895 1203 1955 14

101 1993 171 2052 οὐδ’
188 1987 300 2066 Seium
321 1993 357 2067 ἦν
379 1992 448 2054 εἶπε
473 1993 670 2076 «Χρύσιππε,
685 1995 798 2073 μαίνει·
820 1997 855 2052 τί
874 2002 999 2055 τοῦτον
1016 1994 1203 2078 πμοςκαλεῐς

100 2094 173 2172 ἐμοὶ
199 2093 260 2177 γὰρ
290 2093 471 2154 ἀποδέδωκε
493 2093 534 2153 τὸ
562 2095 714 2178 χρυσίον»
747 2099 778 2157 et
808 2095 845 2156 15
874 2095 983 2154 καίτοι
1011 2093 1089 2166 εἰκός
1116 2097 1144 2172 γ’
1166 2091 1204 2165 ἦν

100 2193 206 2255 αὐτὸν
231 2193 339 2266 εἰπεῖν,
362 2191 384 2254 ὦ
405 2191 437 2254 ἄ.
460 2195 519 2268 Ἀ.,
543 2193 596 2256 «τί
621 2216 656 2269 με
684 2196 864 2279 πμοςκαλεῖ,
894 2188 1059 2278 ἄνθρωπε,
1088 2192 1204 2254 ἀποδὲ·

101 2295 189 2355 ‹Ii-axa
210 2291 270 2377 γὰρ
291 2293 400 2376 τούτῳ
414 2303 462 2376 τῷ
483 2292 702 2378 παρεστηκότι
715 2295 756 2355 τὸ
778 2295 941 2380 χρυσίον».
974 2293 1013 2356 ΙΙ]
1032 2293 1204 2360 rarioribus

99 2397 208 2456 autern
231 2391 310 2456 haee
330 2393 434 2476 figura
454 2400 503 2458 est
524 2393 730 2476 numeranda,
746 2393 829 2479 quod
852 2391 979 2475 quidem
1000 2391 1041 2455 ad
1063 2392 1204 2477 priuatos

101 2492 324 2558 Demosthenis
346 2493 502 2558 orationes
523 2495 666 2558 attineat.

186 2592 309 2657 Deinde
331 2593 364 2656 in
388 2594 528 2658 oratione
549 2594 721 2658 XXXIIII.
742 2593 935 2678 ὑποφορά
964 2594 1031 2658 siue
1053 2593 1204 2657 subiectio

100 2695 152 2758 bis
173 2700 222 2757 est
242 2699 409 2778 usurpata:
437 2691 482 2772 ἓξ.
503 2695 544 2757 32
566 2700 583 2769 ἡ
604 2694 664 2779 γὰρ
687 2697 855 2779 συγγραφή
883 2717 931 2773 με,
953 2696 1044 2772 φησὶ,
1066 2703 1112 2775 τῷ
1128 2717 1204 2755 ναε-

101 2797 202 2878 κλήμῳ
230 2792 366 2856 ἐκέλευεν
395 2794 580 2855 ἀποδοῦναι
608 2796 648 2854 τὸ
676 2795 811 2878 χρυσίον
833 2798 865 2856 ei
891 2794 933 2856 33
961 2792 1041 2873 λέγει
1069 2794 1097 2852 δ’
1121 2797 1159 2868 ὡς
1187 2797 1204 2865 ἡ

101 2892 273 2980 συγγραφὴ
302 2894 455 2966 σωθείσης
483 2902 538 2968 τῆς
566 2896 641 2968 νεὼς
673 2894 777 2956 αὐτὸν
805 2894 991 2954 ἀποδοῦναι
1016 2893 1132 2954 κελεύει
1159 2895 1204 2953 τὰ

101 2994 264 3078 χρήματα,

188 3099 269 3163 Tum
291 3102 495 3184 εἰρωνείαν
517 3100 576 3164 hoo
591 3101 716 3187 repperi
730 3101 814 3165 Ioco:
837 3099 882 3180 ἕξ.
898 3101 938 3164 35
954 3102 1009 3162 καὶ
1024 3106 1041 3162 ὁ
1063 3097 1204 3179 Λάμπις,

103 3197 169 3261 ὅσα
191 3199 246 3281 μὲν
269 3201 336 3262 εἶπε
362 3201 440 3285 πρὸς
468 3202 529 3282 ἐμὲ,
551 3202 628 3286 πρὶν
648 3203 712 3263 ι’·πὸ
740 3205 863 3264 τούτου
892 3202 1126 3285 διαφθαρῆναι,
1148 3201 1205 3259 οὐκ

103 3300 194 3372 ἐντὸς
216 3296 259 3360 (ὃν
287 3303 389 3360 αὑτοῦ
415 3310 516 3382 φησιν
537 3303 645 3363 εἰπεῖν
669 3302 775 3373 ἐπειδὴ
804 3300 838 3362 δὲ
859 3300 899 3360 τὸ
927 3302 1060 3382 χρυσίον
1081 3298 1205 3378 τούμὸν

103 3401 286 3484 ἐμερίσατο,
307 3400 379 3461 τότ’
403 3400 492 3475 ἐντὸς
522 3402 603 3463 εἶναι’
625 3413 724 3481 φησιν
747 3405 850 3461 αι’-τοῦ
876 3401 930 3461 καὶ
951 3399 1053 3460 πάντ’
1075 3399 1204 3481 ἀκριβῶς

105 3501 316 3581 μνημονεύειν.

188 3599 543 3683 Interrogationes
570 3622 662 3685 porro
689 3601 722 3663 in
747 3601 888 3664 orati0ne
913 3598 1094 3678 XXXHII,
1115 3597 1207 3662 sicuti

104 3700 139 3762 in
166 3698 388 3763 Demosthenis
417 3700 610 3764 orationibus
638 3701 793 3783 genuinis,
821 3707 894 3763 sunt
921 3700 1207 3784 frequentissimae3

12 3803 13 3848 ἴ
105 3798 146 3863 of.
167 3798 211 3879 ἓξ.
235 3803 283 3880 14,
308 3805 356 3882 15,
378 3804 427 3882 17,
449 3803 489 3864 25
511 3801 569 3881 bis,
589 3804 641 3882 26,
663 3804 701 3865 27
725 3801 784 3879 his,
806 3802 857 3882 28,
879 3802 919 3863 29
934 3800 993 3880 his,
1015 3801 1066 3881 30,
1088 3801 1139 3880 33,
1156 3801 1208 3878 43,

12 3941 13 3984 ,
106 3901 146 3962 47
169 3899 227 3981 his,
249 3903 300 3980 48,
322 3902 372 3963 49.
415 3899 477 3964 Sed
498 3907 606 3964 tamen
634 3900 675 3963 ab
697 3899 746 3962 his
767 3900 822 3963 illa
849 3899 955 3962 differt
980 3918 1027 3977 eo,
1049 3897 1132 3980 quod
1153 3898 1208 3960 uni

12 4009 13 4088 ξ
105 4006 229 4064 tentum
251 4000 488 4084 interrogationi
506 4001 538 4064 in
562 4021 600 4065 ea
622 4001 775 4064 subioitur
797 4000 969 4085 responsio,
984 3999 1023 4060 ef.
1045 3997 1071 4077 ξ.
1093 4001 1134 4062 50
1157 4025 1209 4079 μη-

107 4101 209 4180 δαμῶς
232 4100 255 4162 ὦ
278 4099 308 4161 ἅ.
332 4103 371 4176 rh,
394 4122 464 4164 oum
492 4101 524 4163 In
553 4099 775 4164 Demosthenis
804 4098 998 4164 orationihus
1026 4098 1209 4183 saepissime

107 4201 325 4284 responsiones
357 4201 524 4282 addantur,
551 4203 639 4264 uelut
668 4198 755 4284 ἔγωγ’
777 4201 868 4279 οἶμαι
896 4198 1038 4262 XXIIII.
1066 4199 1209 4277 57137,

109 4301 166 4377 ἐγὼ
182 4303 234 4381 μὲν
249 4299 334 4383 (γὰρ)
349 4303 438 4381 οἶμαι
454 4300 563 4363 XIIII.
581 4302 628 4381 12,
644 4299 783 4363 XVIIII.
798 4302 870 4379 294,
885 4297 992 4394 XXII.
1007 4301 1056 4378 II,
1070 4295 1210 4361 XXIIII.

1043 4430 1060 4466 ί)
