2854 4960
644 331 650 343 l

564 407 761 466 ,5-

106 597 217 655 mento
251 589 489 672 quadragesimo
524 589 632 672 quinto
665 586 752 650 didit:
785 584 868 658 ἦπου
900 586 934 647 δὲ
962 573 1016 645 καὶ
1047 594 1208 662 πομπεῑον

106 692 152 763 εἴη
188 683 230 753 civ
261 691 374 769 οἴκημα
410 689 518 752 κοινὸν
550 685 773 764 Δημοσθένους
811 683 958 759 εἰπόντος
991 686 1023 746 e’v
1052 689 1099 766 τῷ
1131 683 1208 766 πρὸς

106 792 280 876 Φορμίωνα
312 793 382 874 περὶ
414 789 550 851 δανείου.
607 786 656 850 De
684 785 848 849 Plutarchi
876 783 990 863 uerbia
1022 803 1104 866 quae
1137 788 1209 846 sunt

106 892 140 954 in
156 889 379 954 Demosthenis
393 889 478 953 uitae
501 887 603 971 capite
625 886 879 968 quintodecimo,
897 905 979 968 quae
994 883 1209 948 Rehdantzius

106 990 157 1067 adr
180 996 319 1054 nostram
347 990 519 1053 orationem
553 986 718 1051 referenda
751 1007 818 1050 esse
847 985 1032 1070 suspicatur,
1063 983 1139 1067 quid
1170 984 1210 1047 sit

106 1090 322 1172 iudicandum,
344 1089 407 1153 uid.
430 1087 634 1152 Schaeferum
647 1087 677 1166 ¹),
699 1085 887 1169 Siggiumb,
909 1082 1169 1168 Lortzingiuma.

193 1191 317 1254 Nostris
338 1188 465 1253 demum
493 1187 685 1270 temporibus
713 1188 912 1267 exstiterunt,
941 1186 994 1269 qui
1020 1185 1125 1249 faeere
1146 1206 1208 1248 non

106 1313 202 1376 posse
242 1291 301 1354 sibi
343 1290 533 1368 uiderentur,
576 1289 652 1372 quin
695 1288 834 1372 spuriam
877 1294 972 1371 atque
1015 1285 1208 1369 suppositam

106 1392 192 1454 hanc
207 1393 377 1455 orationem
395 1411 463 1454 esse
478 1389 682 1452 affirmarent.
710 1388 816 1472 Atque
833 1389 961 1470 primus,
984 1386 1066 1471 quod
1082 1385 1207 1470 quidem

107 1492 294 1573 inuenerim,
324 1490 361 1554 G.
389 1490 425 1553 Ε.
451 1488 672 1568 Benselerus4)
704 1489 860 1552 uocalium
889 1509 1056 1550 concursus
1082 1488 1118 1549 'in
1146 1486 1208 1549 De·
1270 1558 1274 1567 Ι

107 1591 281 1654 mosthenis
304 1591 495 1655 orationibus
518 1596 730 1675 perscrutatus
753 1596 879 1674 propter
894 1608 1043 1671 magnam
1063 1586 1207 1650 hiatuum

107 1691 343 1755 multitudinem
365 1691 492 1755 minime
515 1711 585 1754 eam
608 1689 856 1753 aDemosthene
878 1689 1026 1771 scriptam
1048 1709 1116 1751 esse
1138 1707 1208 1750 con-

107 1792 220 1856 tendit.
261 1792 328 1856 Nee
349 1792 448 1855 multo
470 1798 540 1876 post
561 1791 599 1854 A.
622 1790 811 1854 Schaeierus
834 1790 902 1853 aliis
925 1789 1027 1852 causis
1054 1787 1208 1851 adductus

107 1900 165 1972 est,
192 1898 228 1955 ut
255 1892 338 1956 idem
367 1899 528 1956 statueret.
570 1891 714 1973 Denique
742 1891 883 1954 Blassius
894 1889 918 1970 ⁵)
947 1889 1091 1954 omnibus
1113 1908 1208 1970 quae-

107 1993 263 2057 stionibus
293 1992 548 2076 diligentissime
568 1991 747 2077 ponderatis
779 2013 819 2055 ne
855 1990 968 2077 pedem
1004 1988 1130 2074 quidem
1167 1988 1208 2051 ab

108 2093 172 2156 illis
194 2093 330 2157 recessit.
372 2092 465 2155 Multi
488 2097 652 2177 praeterea
673 2097 728 2154 aut
749 2092 891 2176 plerique
912 2091 972 2154 uiri
994 2089 1076 2153 docti
1096 2090 1208 2152 horum

108 2193 286 2259 sententiae
315 2193 538 2274 assentiuntur,
568 2214 644 2276 quos
672 2194 800 2275 longum
830 2199 878 2255 est
910 2211 1103 2271 enumerare,
1136 2211 1208 2253 cum

106 2293 260 2379 perpauci
281 2293 374 2358 hodie
396 2294 569 2358 orationem
591 2293 678 2356 illam
699 2315 755 2376 pro
778 2293 916 2376 genuina
937 2291 1117 2355 habendam
1139 2291 1208 2354 esse

106 2400 268 2475 censeant,
291 2415 386 2478 quam
415 2394 592 2479 opinionem
622 2393 736 2456 abhinc
758 2393 889 2476 triginta
916 2392 981 2456 fere
1007 2414 1106 2455 annos
1127 2413 1208 2455 unns

106 2497 249 2560 Joannes
281 2494 534 2574 Herrmannusss)
566 2494 675 2577 paucis
707 2494 813 2557 uerbis
849 2492 1051 2579 comprobare
1082 2492 1209 2572 studuit,

107 2606 181 2658 'eum
209 2594 341 2658 diceret:
368 2584 465 2674 'mor
492 2594 542 2658 die
564 2580 715 2659 ilchtheit
743 2594 861 2678 spricht
888 2593 938 2657 die
960 2593 1020 2656 Art
1040 2592 1096 2656 der
1118 2592 1208 2656 Moti-

107 2696 242 2779 vierung
277 2695 341 2758 und
378 2695 433 2759 der
468 2696 701 2779 Folgerungen,
737 2695 792 2758 der
827 2693 1018 2780 Disposition
1053 2692 1118 2756 und
1152 2691 1209 2756 des

109 2796 293 2863 Ausdrueks
316 2797 409 2860 sowie
432 2796 527 2860 deren
549 2817 656 2880 grosse
679 2780 884 2858 ihnliohkeit
905 2795 962 2857 mit
983 2793 1039 2857 der
1053 2793 1208 2876 Leptines

107 2898 136 2960 in
173 2897 335 2961 einzelnen
368 2895 514 2976 Teilen“;
553 2897 602 2960 cui
631 2895 834 2982 explicationi
869 2894 1058 2958 Sohaeferus
1097 2892 1207 2957 eadem

105 2999 264 3062 breuitate
293 2997 574 3081 argumentationis
602 3018 678 3060 usus
698 2995 790 3078 ,haud
817 2997 924 3081 inepte
955 2994 1115 3077 respondit
1148 2994 1207 3058 sie:

108 3101 227 3179 „worin
258 3098 343 3162 diese
371 3081 579 3161 iihnlichkeit
606 3099 711 3180 hegen
739 3097 806 3176 soll,
836 3097 927 3172 weiss
955 3095 1005 3158 ioh
1028 3094 1130 3173 nieht3
1158 3094 1208 3156 ich

104 3197 191 3262 finde
219 3198 251 3261 in
277 3197 334 3261 der
362 3197 451 3262 Rede
478 3197 540 3260 den
567 3195 871 3260 Demosthenischen
895 3195 1073 3260 Charakter
1094 3192 1208 3258 nieht“.

192 3459 212 3525 ¹)
230 3463 247 3514 l.
266 3464 283 3515 l.
301 3465 354 3516 uol.
372 3464 422 3514 111.
440 3466 508 3530 part.
526 3464 561 3515 II.
580 3480 641 3531 pag.
660 3460 715 3514 177.
735 3467 787 3515 not.
805 3461 829 3515 4.

190 3549 214 3616 2)
231 3555 252 3606 l.
267 3555 284 3604 l.
302 3570 363 3621 pag.
381 3551 431 3606 408
448 3571 506 3621 prr.

190 3641 213 3707 3)
231 3645 291 3698 diss.
317 3662 342 3712 q.
367 3646 382 3696 i.
409 3645 457 3708 „de
481 3646 736 3712 01·ationibus‚quas
760 3647 953 3698 Demosthenes
977 3663 1025 3712 pro
1043 3645 1208 3712 Apollodoro

103 3737 244 3804 scripsisse
262 3733 370 3799 fertur“‚
387 3737 506 3788 Berolini
524 3734 597 3799 1863,
616 3755 677 3806 pag.
694 3735 734 3791 22.
752 3742 807 3790 not.
825 3735 849 3790 6.

188 3835 211 3898 ⁴)
231 3835 279 3900 „de
302 3837 378 3888 hiatu
402 3837 429 3889 in
454 3836 602 3889 oratoribus
626 3839 713 3890 atticis
730 3843 756 3890 et
774 3839 905 3890 historicis
923 3839 1025 3906 graecis
1047 3837 1108 3888 libri
1131 3832 1208 3898 duo“,

104 3929 252 3996 Fribergae
276 3925 348 3992 1841,
373 3945 434 3996 pag.
459 3925 508 3980 149
534 3933 560 3980 et
586 3929 634 3993 „de
657 3930 733 3982 hiatu
757 3932 784 3983 in
809 3931 994 3982 Demosthenis
1020 3925 1208 3990 orationibus“,

104 4021 252 4086 Fribergae
270 4016 343 4070 1848.

189 4117 211 4180 ἶ”)
231 4119 288 4182 „die
306 4119 418 4171 attisehe
436 4117 662 4185 Be1·edsamkeit“‚
680 4123 732 4172 nol.
751 4123 801 4173 ΙΙΙ.
819 4126 886 4190 pert.
905 4122 926 4174 I.
944 4139 1005 4190 pag.
1023 4119 1080 4172 515.

190 4215 212 4279 6)
232 4217 405 4280 „einleitende
433 4219 639 4287 Bemerkungen
668 4237 700 4272 zu
732 4221 932 4274 Demosthenes*
962 4220 1207 4289 paragraphisohen

105 4305 224 4371 Reden“,
242 4309 334 4361 Erfurt
352 4306 425 4374 1855,
443 4327 503 4378 pag.
522 4307 561 4365 13.
