2854 4960
678 404 864 464 ..6-

220 585 384 647 Darestius
406 583 445 647 de
467 605 543 646 uera
573 583 665 646 huius
694 585 843 646 orationis
872 583 990 661 origine
1019 605 1174 667 quaerere
1202 587 1337 648 omnino

221 683 396 769 supersedit
409 683 439 762 ¹).

304 784 394 847 Haeo
423 784 489 848 fore
518 783 750 869 praemonenda
778 789 878 864 erant,
908 790 941 846 ut
964 783 1036 847 inde
1066 807 1084 846 a
1111 785 1217 868 primo
1239 786 1338 848 initio

220 892 303 948 esset
328 886 538 970 perspicuum,
567 905 703 966 quonam
732 906 830 968 usque
859 885 998 946 uirorum
1027 884 1191 948 doctorum
1223 887 1337 948 studia

220 985 252 1047 in
274 985 334 1048 hao
356 986 495 1048 oratione
524 984 724 1048 diiudicanda
753 984 984 1069 processissent.
1028 986 1119 1058 Quae
1148 1006 1223 1048 cum
1246 987 1337 1050 eius-

220 1085 305 1148 modi
328 1086 398 1165 sint,
421 1092 457 1149 ut
478 1085 690 1149 Horatianum
719 1084 794 1148 illud
831 1084 952 1162 ,adhuc
982 1085 1039 1148 sub
1068 1085 1173 1150 iudiee
1195 1087 1238 1148 lis
1261 1088 1334 1150 est“

169 1197 171 1200 ’
221 1185 261 1248 ad
284 1208 354 1248 eam
377 1186 443 1248 fere
466 1186 611 1248 uoniam
641 1186 740 1271 possit
770 1184 922 1266 adhiberi,
945 1184 1037 1248 facile
1060 1185 1145 1247 dieat
1168 1188 1337 1270 quispiam

221 1286 314 1370 plane
347 1307 617 1368 superuacaneum
645 1308 714 1348 esse
746 1285 848 1349 denuo
878 1285 917 1348 de
947 1286 1131 1369 quaestione
1161 1286 1202 1348 ad
1234 1288 1337 1350 finem

221 1392 256 1448 ut
279 1386 367 1448 aiunt
390 1385 540 1469 perducta
562 1384 747 1468 disceptare.
784 1386 843 1448 Cui
862 1385 1005 1467 equidem
1029 1385 1231 1470 respondebo
1255 1388 1339 1450 mihi
1401 1340 1403 1435 1

156 1555 162 1566 Ι
222 1505 346 1570 quoque
369 1506 450 1569 quae
473 1485 532 1547 uiri
552 1486 597 1547 illi
627 1485 709 1549 doeti
737 1493 844 1549 eontra
866 1485 1145 1549 Demosthenicam
1177 1489 1339 1551 orationis

222 1585 374 1668 originem
397 1584 594 1666 protulerunt
615 1585 741 1667 probari
763 1585 817 1648 illa
833 1585 959 1670 quidem
981 1592 1013 1648 et
1036 1591 1190 1670 tanquam
1213 1588 1336 1651 funda·
1400 1536 1403 1651 i

222 1692 329 1748 menta
356 1686 451 1748 totius
480 1686 671 1768 quaestionis
701 1707 778 1766 esse,
808 1685 861 1748 sed
892 1685 1081 1749 stabilienda
1115 1687 1220 1751 uideri
1253 1709 1337 1767 esse,

223 1807 284 1869 quo
307 1785 430 1848 facilius
452 1784 521 1847 aliis
544 1784 782 1868 persuadeatur,
805 1793 840 1848 ut
861 1786 1022 1849 nobiseum
1045 1786 1200 1850 factitant.
1402 1832 1403 1873 ,

306 1885 413 1966 Atque
435 1884 559 1947 initium
588 1891 623 1948 ut
650 1885 813 1971 capiamus
834 1885 1019 1970 inquirendi,
1049 1887 1293 1971 proficiscamur
1316 1911 1337 1950 a

223 1987 405 2066 quaestione
425 1984 618 2066 difficillima,
636 1984 677 2048 ad
699 2007 794 2070 quam
816 1984 888 2048 inde
910 1986 949 2049 ab
972 1987 1110 2069 antiquis
1131 1989 1336 2071 temporibus
1400 1932 1403 2031 1

222 2085 382 2169 usquead
403 2085 460 2148 hos
482 2106 643 2170 supremos
666 2107 764 2148 anuos
785 2085 844 2149 uiri
867 2084 949 2148 docti
970 2087 1090 2149 animos
1112 2087 1165 2150 uel
1186 2089 1336 2151 maxime

224 2185 434 2266 attenderunt,
455 2207 526 2248 oum
549 2186 628 2249 alius
650 2186 745 2249 aliam
767 2185 996 2272 persoluendae
1017 2185 1214 2250 difficultatis
1234 2189 1336 2252 iniret
1400 2136 1403 2253 i

223 2286 385 2350 rationem.
417 2287 596 2368 Quaeritur,
620 2293 725 2349 utrum
748 2287 788 2350 ab
810 2309 872 2349 uno
888 2286 1065 2372 Chrysippo
1088 2308 1129 2350 an
1151 2310 1171 2350 a
1193 2288 1334 2368 duobus,
1401 2328 1403 2419 q

139 2403 142 2412 ’
224 2387 400 2471 Chrysippo
423 2387 552 2470 eiusque
574 2386 680 2466 fratre,
703 2407 742 2448 an
759 2408 777 2448 a
792 2385 891 2448 tribus
911 2387 992 2450 hano
1011 2388 1186 2451 orationem
1208 2388 1334 2452 dietam
1402 2450 1403 2481 ,

224 2508 293 2567 esse
314 2508 506 2567 censeamus,
529 2487 645 2571 quippe
660 2487 692 2554 iu
708 2505 770 2567 qua
792 2507 908 2548 nouum
930 2486 1009 2549 illud
1031 2494 1126 2571 atque
1148 2488 1334 2553 inauditum
1400 2522 1403 2625 q

223 2588 289 2668 fiat,
311 2593 346 2650 ut
368 2587 394 2650 is
416 2608 510 2672 quem
532 2587 619 2649 initio
640 2587 743 2669 ipsum
759 2585 856 2648 uerba
878 2584 981 2649 faeere
996 2586 1140 2650 uidemus
1155 2624 1192 2630 -
1211 2588 1249 2651 ef.
1267 2588 1297 2669 ἕ.
1315 2594 1333 2654 6

223 2688 280 2766 ἐγὼ
303 2686 462 2761 ἐδάνεισα,
486 2687 525 2750 al.
547 2725 587 2731 --
610 2685 695 2748 haud
717 2687 816 2749 multo
845 2693 915 2771 post
945 2688 1057 2750 tertiae
1079 2709 1233 2771 personae
1255 2711 1334 2774 pro·
1402 2728 1403 2761 t

224 2788 347 2851 nomine
384 2787 480 2850 semel
518 2788 673 2849 iterumue
716 2787 908 2866 significetur
943 2823 984 2829 -
1020 2787 1057 2850 of.
1094 2787 1120 2867 ξ.
1153 2791 1192 2852 23
1230 2791 1333 2866 οὗτος

225 2889 394 2962 ἐδάνεισεν,
429 2889 468 2950 al.
524 2889 630 2971 Atque
663 2887 797 2971 primum
830 2887 991 2967 Libanius,
1025 2907 1119 2969 quem
1152 2897 1334 2974 sequuntur
1402 2926 1403 2955 r

225 2988 492 3068 Schoemannus2)
512 2995 542 3051 et
557 2988 595 3050 A.
611 2987 647 3050 G.
663 2987 867 3068 Beckerus3),
887 2988 919 3049 in
939 2995 1125 3069 argumento
1143 2989 1189 3052 ita
1211 2989 1331 3054 diuidit

225 3089 406 3168 orationem,
440 3093 475 3150 ut
507 3088 642 3170 priorem
671 3093 792 3170 partem
821 3109 920 3171 usque
950 3086 990 3150 ad
1019 3089 1255 3173 paragraphum
1286 3093 1327 3153 21
1402 3122 1403 3149 τ

224 3189 431 3274 pertinentem
448 3188 623 3273 Chrysippo
646 3194 677 3250 et
699 3207 780 3268 quae
802 3186 874 3250 inde
897 3187 1035 3250 auerbis
1057 3190 1199 3264 ἀκούσας
1212 3181 1331 3252 τοίνυν

223 3293 304 3368 ἡμῶν
332 3289 481 3370 leguntur
518 3289 608 3350 alteri
643 3286 804 3366 tribuat4).
853 3287 1001 3351 Reiskius
1036 3289 1108 3351 huie
1140 3295 1204 3352 tres
1240 3290 1331 3353 addit

225 3389 450 3473 paragraphus,
485 3395 519 3451 ut
556 3389 623 3450 eius
658 3387 761 3473 prima
797 3387 895 3451 uerba
932 3389 992 3451 sint
1028 3389 1060 3451 in
1093 3388 1119 3468 ξ.
1156 3392 1193 3451 18
1230 3389 1328 3454 haee:

309 3562 327 3626 ¹)
348 3567 401 3629 ,los
418 3565 569 3631 plaidoyers
588 3565 662 3615 oivils
680 3565 713 3616 de
731 3563 917 3625 deosthene,
936 3565 1048 3615 traduits
1066 3583 1098 3616 en
1117 3565 1242 3630 sranqais,
1261 3582 1328 3617 aveo

225 3652 378 3714 arguments
396 3650 422 3698 et
440 3644 539 3709 notes“,
557 3647 632 3697 Paris
651 3644 723 3709 1875,
741 3648 794 3698 uol.
813 3647 833 3696 I.
852 3663 913 3712 pag.
931 3643 988 3698 293.

307 3727 329 3794 2)
347 3731 429 3782 Meier
457 3729 511 3780 und
541 3729 716 3793 Schoenrann,
747 3729 808 3792 ,der
837 3729 950 3780 attisohe
979 3727 1112 3793 Process“,
1141 3730 1222 3781 Halle
1252 3728 1326 3794 1824,

225 3831 286 3881 pag.
303 3811 360 3866 711.
379 3818 432 3865 not.
450 3810 490 3864 22.
1190 3823 1193 3830 ·

224 3914 226 3922 ·
307 3897 327 3960 ³)
348 3899 554 3963 ,Demosthenes
572 3899 612 3949 als
631 3898 800 3949 Staatsmann
820 3898 872 3948 und
891 3895 1020 3960 Rodner“,
1045 3897 1125 3949 Halle
1143 3897 1197 3948 und
1216 3898 1325 3966 Leipzig

225 3979 298 4046 1815,
317 3999 377 4050 pag.
395 3980 445 4033 426
463 3999 521 4048 pru.

307 4064 328 4128 ⁴)
347 4082 408 4133 pag.
429 4064 487 4130 906,
509 4063 541 4117 17
565 4059 700 4130 τετήρηται
725 4062 753 4113 di
777 4062 808 4113 ἓν
830 4063 866 4128 τῷ
889 4059 961 4128 λόγῳ
984 4059 1083 4113 ταύτὸν
1104 4058 1172 4129 ὅπερ
1194 4063 1241 4113 καὶ
1264 4065 1321 4132 περὶ
1402 4105 1403 4110 ,

226 4145 274 4199 τὸν
298 4145 366 4200 κατὰ
385 4151 511 4220 Νεαίρας,
535 4145 574 4200 ὅτι
596 4146 635 4220 ,uiy
659 4145 701 4216 ὑφ’
727 4141 905 4217 ἕνόςέἴρητατ
929 4143 1084 4216 apenninos,
1119 4144 1173 4198 ἀλλ’
1194 4146 1252 4199 ἐκεῖ
1273 4148 1323 4219 μὲν

226 4236 355 4304 ἑκατέρου
377 4233 506 4303 διαστολὴ
524 4233 641 4304 φανερὰ,
667 4236 787 4286 torosa-a
812 4235 841 4286 dt
861 4237 1034 4302 συγκέχυται.
1072 4234 1149 4285 δοκεῖ
1173 4232 1203 4284 δὲ
1231 4235 1321 4304 ἔμοιγε

226 4319 355 4373 ἐντεῦθεν
373 4319 386 4374 ὁ
405 4319 531 4394 δεύτερος
548 4324 639 4390 λέγειν
659 4317 794 4390 ,sizaduar
812 4324 905 4372 τοίνυν
924 4316 1001 4390 ἡμῶν
1021 4359 1025 4370 .
1047 4359 1053 4370 .
1075 4318 1096 4370 .“
1116 4320 1172 4370 κτλ.
