2854 4960
638 373 843 433 *12-

275 557 434 620 Abhorret
445 556 541 638 igitur
558 555 658 618 abhis
674 554 818 619 omnibus
831 554 1023 618 orationibus
1039 560 1144 618 nostra
1156 555 1293 639 primum

193 681 238 738 eo,
258 657 342 742 quod
365 657 487 720 initium
510 655 632 719 dicendi
657 657 689 719 in
712 677 750 720 ea
773 655 907 718 sumitur
929 655 969 719 ab
991 655 1116 718 orandis
1138 655 1294 719 iudicibus

193 778 295 840 neque
306 757 475 842 qulequam
490 756 539 818 his
554 755 699 839 precibus
713 755 934 839 praemittItur.
956 755 1038 818 Tum
1053 755 1085 817 in
1099 755 1168 838 ipsa
1183 755 1294 819 orandi

193 859 327 923 formula
349 878 452 943 pauca
473 855 550 919 mihi
571 856 718 920 uidentur
745 878 815 920 esse
843 854 1063 941 uituperanda.
1105 855 1183 930 Quis
1209 856 1295 920 enim

192 981 254 1023 non
286 958 426 1022 offendat
454 958 487 1020 in
517 957 721 1021 collocatione
749 957 918 1021 uerborum
946 957 1084 1018 ἀκοῦσαι
1110 956 1198 1036 ἡμῶν
1226 961 1294 1038 μετ’

194 1059 317 1134 εὐνοίας
341 1061 372 1120 ἐν
395 1065 442 1144 τῷ
461 1057 544 1144 μέρει
565 1056 747 1138 λεγόντωνῗ
783 1057 867 1120 Nam
888 1078 959 1120 oum
974 1056 1104 1121 dubium
1119 1078 1181 1120 non
1196 1058 1298 1141 possit

193 1181 272 1240 esse,
294 1160 369 1243 quin
392 1158 544 1222 beneuole
573 1179 592 1221 a
619 1157 774 1221 iudicibus
808 1180 841 1222 se
875 1157 976 1221 audiri
1004 1157 1053 1221 his
1082 1157 1188 1221 uerbis
1218 1179 1297 1222 usus

192 1260 271 1324 uelit
285 1265 398 1338 orator,
417 1280 480 1326 non
494 1259 619 1343 placere
636 1258 796 1340 concedes,
819 1258 902 1344 quod
917 1263 983 1338 μετ’
999 1260 1122 1332 εὐνοίας
1137 1258 1298 1322 uocabula

192 1361 274 1423 inter
295 1363 380 1438 ἡμῶν
402 1379 513 1422 uocem
533 1365 564 1422 et
582 1359 783 1445 participium
805 1358 962 1439 λεγόντων
984 1379 1055 1421 cuin
1070 1357 1131 1422 hac
1149 1358 1297 1422 coniunc-

193 1467 260 1524 tum
286 1467 359 1523 suut
385 1460 497 1545 posita,
525 1460 641 1545 quippe
668 1479 731 1542 qua
757 1481 801 1540 re,
828 1459 1067 1543 grammaticam
1092 1459 1246 1523 rationein
1268 1461 1297 1523 si

194 1561 362 1642 sequimur,
377 1561 445 1623 fieri
460 1581 523 1624 non
534 1561 642 1645 possit,
657 1566 693 1624 ut
708 1559 748 1624 ad
760 1560 950 1623 infinitiuum
963 1561 1105 1620 ἀκοῦσαι
1115 1560 1297 1624 referantur

194 1665 262 1743 μετ’
281 1661 405 1734 εὐνοίας
427 1661 535 1724 uerba.
570 1660 601 1723 Α
615 1660 830 1725 Demosthene
851 1661 987 1724 uitatum
1010 1681 1078 1724 esse
1100 1661 1160 1724 hoc
1181 1661 1297 1724 uitium

194 1767 327 1847 apparet
353 1782 393 1824 ex
415 1783 473 1825 orr.
494 1760 617 1843 XVIII,
639 1761 730 1842 XXI,
745 1760 934 1843 XXXVIII,
950 1760 1057 1842 LIIII,
1080 1758 1243 1842 [XXXX]
1267 1765 1297 1825 4.

194 1857 325 1930 Deinde,
339 1861 486 1925 recedere
507 1861 634 1925 uidetur
656 1861 918 1925 aconsuetudine
933 1859 1188 1942 Demosthenica,
1211 1861 1298 1943 quod

195 1963 375 2048 simplicIter
397 1962 471 2024 dicit
493 1967 581 2026 actor
608 1963 740 2038 ,δίκαια
761 1967 867 2042 ὑμῶν
889 1961 1078 2041 δεησόμεθα,
1108 1957 1131 2022 ὦ
1154 1959 1185 2023 ol.
1210 1963 1298 2022 313ss

195 2063 281 2127 Solet
309 2064 392 2126 enim
421 2059 560 2126 summus
589 2069 693 2126 orator
724 2061 900 2142 ,omnes“
932 2061 1049 2126 iudices
1077 2063 1119 2134 iu,
1135 2063 1297 2148 prooemio

195 2186 293 2244 orare,
331 2163 370 2226 ef.
405 2186 464 2228 orr.
499 2161 622 2243 XVIII,
658 2161 798 2242 XVIIII,
834 2162 925 2244 XXI,
960 2161 1085 2244 XXIII,
1122 2160 1297 2244 XXXVII,
1331 2191 1335 2196 ·

194 2263 383 2342 XXXVIII,
398 2262 502 2344 LllII,
516 2263 586 2344 LV,
600 2262 710 2343 Lvii;
729 2261 903 2344 mxxiii,
919 2260 1083 2344 [XXXX],
1096 2260 1296 2344 mxxxiii,

196 2362 391 2445 [xxxxii
408 2362 470 2446 [L],
487 2361 597 2445 [LVI],
614 2361 757 2445 [ovini
779 2363 937 2428 Omissum
953 2370 1000 2427 est
1013 2364 1147 2427 uerbum
1160 2362 1297 2426 πάντων

195 2465 227 2528 in
242 2486 306 2527 una
321 2465 461 2528 oratione
476 2465 623 2547 genuina,
641 2462 790 2545 xxvii,
811 2485 906 2548 quam
925 2463 1095 2527 admodum
1112 2464 1298 2527 adolescens
1356 2483 1359 2489 ’

196 2565 329 2649 scripsit·
350 2564 590 2645 Demosthenes,
607 2571 659 2627 et
693 2564 726 2627 in
760 2563 810 2626 his
843 2564 1035 2627 orationibus
1068 2563 1297 2646 suppositiciis:

124 2713 126 2718 .
197 2653 394 2746 [xxiiim
423 2663 604 2747 [44445444]
635 2662 1298 2746 [xxx1],[xxxxni],[xxxxuii],
1417 2673 1418 2676 ¹

60 2781 63 2788 ’
197 2763 425 2847 [XXXXVII],
449 2763 696 2847 [XXXXVlIl],
716 2763 810 2846 [LII].
832 2764 884 2828 Ad
900 2770 1076 2829 extremum
1090 2786 1152 2828 non
1166 2786 1299 2830 monere
1417 2788 1418 2848 ]

193 2871 258 2929 ‘non
284 2887 412 2948 possum
441 2867 479 2928 ἐν
506 2875 558 2946 τῷ
585 2865 693 2950 μέρει
720 2866 819 2929 uerba
845 2867 920 2947 sola,
949 2866 1036 2928 nullo
1058 2864 1165 2929 addito
1186 2865 1301 2947 uerbo,
1417 2854 1418 2864 ¹

196 2965 282 3050 apud
313 2965 560 3029 Demosthenem
590 2965 652 3029 alio
685 2967 753 3030 loeo
784 2967 870 3030 nullo
903 2965 1044 3030 inueniri.
1109 2965 1201 3040 Quod
1233 2984 1299 3047 quo

196 3066 318 3129 facilius
340 3061 522 3150 perspicias,
549 3087 657 3129 omnes
682 3066 814 3130 afferam
836 3068 929 3147 locos,
957 3067 1070 3151 quihus
1093 3065 1180 3152 μέρος
1202 3087 1299 3130 uoca-

196 3166 305 3229 bulum
326 3166 449 3244 legitur.
492 3165 573 3229 Sunt
594 3173 701 3230 autem
722 3167 769 3230 hi:
795 3167 819 3231 I.
842 3170 871 3249 5,
894 3167 1006 3247 lI.·14,
1032 3169 1079 3247 18,
1102 3169 1151 3247 24,
1172 3169 1223 3247 30,
1246 3169 1299 3248 31,
1417 3231 1418 3236 ,

196 3265 254 3328 444.
273 3267 323 3346 54,
345 3267 395 3347 54,
418 3265 493 3329 4444.
515 3269 565 3347 44,
581 3269 632 3346 45,
654 3266 759 3330 viiii.
781 3270 831 3349 25,
855 3266 919 3349 [5.]
942 3268 993 3346 45,
1016 3269 1066 3348 55,
1090 3264 1171 3347 [xi]
1195 3269 1222 3345 5,
1247 3269 1298 3348 11,

197 3363 311 3446 [XIII]
334 3369 384 3448 31,
413 3365 520 3430 XIIII.
544 3369 592 3449 11,
617 3371 735 3450 18154,
761 3371 798 3431 13
821 3369 879 3450 bis,
908 3371 944 3431 21
970 3373 1091 3453 quater,
1113 3370 1152 3431 23
1175 3373 1300 3451 quater,
1417 3362 1418 3414 l

196 3469 246 3547 25,
274 3464 346 3529 xv.
372 3468 418 3544 11,
444 3465 532 3529 xvi.
556 3469 605 3549 15,
631 3466 754 3531 xviii.
777 3471 826 3549 51,
850 3471 899 3550 51,
924 3471 992 3549 103,
1012 3466 1110 3548 (105),
1135 3469 1202 3547 121,
1223 3469 1298 3550 222,

197 3569 268 3646 250,
291 3569 360 3647 254,
383 3569 454 3648 255,
477 3569 549 3648 212,
568 3570 638 3649 202,
659 3567 798 3632 xviiii.
821 3571 870 3650 52,
896 3570 964 3649 103,
986 3566 1058 3631 xx.
1080 3570 1129 3646 25,
1151 3570 1202 3648 21,
1226 3570 1298 3650 115,

196 3666 286 3730 xxi.
312 3666 387 3749 (41),
414 3669 482 3749 125,
507 3670 576 3748 155,
602 3671 670 3749 155,
697 3668 928 3750 xxiiam,
954 3667 1076 3731 xxiii.
1101 3670 1149 3748 11,
1172 3670 1221 3749 55,
1245 3671 1298 3750 50,

199 3770 257 3831 145
280 3768 336 3849 544,
353 3770 423 3849 245,
446 3768 586 3832 xxiiii.
600 3772 628 3851 1,
645 3771 694 3850 51,
710 3772 758 3847 11,
781 3767 909 3850 [xxx]
932 3771 982 3848 20,
1003 3770 1053 3850 50,
1076 3771 1125 3849 53,
1150 3766 1298 3850 [5544]

197 3867 377 3946 555444.
393 3872 442 3948 20,
458 3872 508 3950 50,
523 3873 573 3952 55,
596 3867 792 3951 [xxviiii]
809 3873 837 3952 0,
855 3867 1050 3950 [xxxiiii]
1067 3872 1117 3949 51,
1134 3867 1297 3951 [xxxx]

197 3971 247 4050 50,
275 3968 429 4033 xxxvi.
459 3973 507 4050 32,
536 3973 586 4051 35,
610 3973 659 4051 41,
687 3973 736 4051 54,
764 3968 933 4033 xxxvii.
960 3972 1011 4051 55,
1040 3968 1243 4033 xxxviiii.
1266 3974 1296 4050 5,

196 4073 247 4150 20,
276 4072 325 4149 30,
349 4072 398 4150 55,
426 4068 587 4151 [xxxx]
610 4074 640 4152 2,
656 4073 706 4152 45,
723 4073 772 4151 55,
795 4069 948 4134 xxxxi.
966 4074 1000 4133 44
1019 4069 1076 4150 544,
1101 4067 1296 4152 [xxxxii]
1417 4133 1418 4154 ,

177 4171 246 4250 24,
276 4167 487 4252 [xxxxiiii
518 4171 615 4253 obis,
646 4170 721 4252 (54),
750 4169 826 4253 (11),
857 4173 905 4253 15,
934 4167 1164 4251 [xxxxiiii]
1187 4171 1216 4249 5,
1245 4170 1296 4249 50,

197 4272 245 4351 55,
275 4265 468 4353 [xxxxi]
494 4275 541 4354 45,
572 4273 620 4354 40,
644 4269 871 4353 [xxxxviii
899 4273 948 4352 21,
972 4273 1021 4352 25,
1050 4267 1297 4351 [5444454444]
