2854 4960
687 379 872 439 -8..

228 557 383 642 significet
411 579 500 622 suam
529 579 624 642 seque
649 559 752 645 ipsum
781 561 982 648 creditorem,¹
1005 562 1042 626 cf.
1064 560 1090 644 §.
1119 565 1156 628 18
1184 566 1225 628 τὸ
1255 569 1337 647 ἐμὸν

227 660 373 744 χρυσίον,
396 657 422 738 ἕ.
444 661 484 722 22
507 660 558 722 ἐπὶ
578 673 647 734 τοῖς
670 663 752 742 ἐμοῖς
774 663 941 747 χρήμασιν,
963 661 989 742 ἕ.
1009 665 1047 726 31
1072 665 1141 744 ἐμοὶ
1161 673 1207 749 τῷ
1227 666 1337 730 δανεί-

228 782 336 832 σαντι,
369 780 440 822 cum
472 781 536 822 una
569 770 639 824 cum
673 758 849 846 Chrysippo
881 761 1028 825 uideatur
1059 765 1239 828 contulisse:
1274 766 1335 829 sed

226 858 321 922 ualde
351 859 427 922 mihi
459 859 589 922 'dubium
617 866 674 941 est,
703 881 744 922 an
776 881 867 924 nemo
899 881 1038 943 unquam
1070 884 1103 926 re
1135 885 1213 927 uera
1242 865 1335 950 apud

226 958 343 1022 iudices
364 959 409 1022 ita
432 981 465 1023 se
491 960 625 1043 gesserit
646 966 701 1024 aut
729 980 869 1042 unquam
891 963 1015 1026 omnino
1037 963 1077 1026 sit
1103 971 1260 1047 gesturus,
1284 974 1332 1047 ut,

226 1060 347 1122 cumei
375 1059 470 1123 liceat
498 1060 537 1124 de
563 1067 632 1123 tota
653 1081 687 1124 re
716 1067 750 1123 ut
776 1060 816 1124 de
844 1083 901 1125 sna
922 1063 1018 1144 loqui,
1041 1065 1108 1127 sine
1135 1065 1202 1128 ulla
1230 1086 1333 1130 causa

226 1159 317 1223 modo
339 1161 383 1223 ita
405 1160 498 1241 dicat,
525 1166 560 1223 ut
582 1162 740 1245 particeps
761 1160 908 1224 uideatur
929 1183 997 1225 esse
1025 1164 1080 1245 rei,
1102 1164 1194 1227 modo
1216 1165 1271 1246 ita,
1294 1174 1332 1229 ut

225 1261 350 1323 omnino
372 1282 433 1324 non
455 1262 494 1324 ad
516 1262 629 1347 ipsum,
645 1261 699 1324 scd
718 1261 758 1325 ed
774 1261 908 1325 alterum
929 1283 980 1326 res
996 1263 1142 1326 uideatur
1159 1267 1332 1350 pertinere,

224 1359 319 1442 idque
341 1362 466 1444 quidem
489 1363 598 1448 paucis
619 1362 884 1426 intercedentibus
910 1363 1023 1426 uerbis.
1065 1363 1170 1448 Magis
1190 1365 1329 1430 Nitschii

225 1462 329 1545 placet
350 1463 439 1542 ratio,
454 1481 644 1545 quamquam
667 1483 706 1525 ne
728 1462 808 1526 haec
829 1462 955 1545 quidem
977 1470 1070 1526 uacat
1092 1464 1329 1546 offensionibus,

224 1562 324 1624 ueluti
351 1563 478 1626 minime
506 1564 659 1646 congruit,
684 1563 767 1646 quod
796 1563 902 1643 frater,
929 1585 999 1626 cum
1028 1564 1067 1627 de
1094 1571 1162 1628 tcta
1190 1567 1331 1651 pecunia⁸

223 1669 333 1726 mutua
355 1662 430 1726 dcta
452 1671 486 1725 υτ
508 1663 547 1726 de
569 1685 627 1727 sua
648 1685 772 1748 semper
797 1665 942 1745 loquatur
964 1701 1004 1709 -—
1026 1664 1063 1727 cf.
1086 1663 1111 1744 ξ.
1136 1667 1174 1727 18
1197 1667 1326 1752 μερισά-

223 1787 313 1841 μενος
335 1764 374 1826 τὸ
403 1764 478 1845 ἐμὸν
508 1766 650 1850 χρυσίον,
673 1762 699 1843 ξ
722 1767 761 1826 22
784 1765 836 1827 ἐπὶ
863 1779 932 1840 τοῖς
959 1766 1042 1842 ε’μοῑς
1071 1765 1231 1849 χρήμασιν
1260 1769 1327 1827 ἐπι·
1409 1825 1410 1830 ,

222 1863 450 1943 δανεισάμενος
462 1900 513 1944 -,
526 1864 566 1927 ab
582 1864 681 1927 altero
695 1885 768 1927 eam
780 1863 930 1927 creditam
945 1885 1013 1928 esse
1024 1849 1171 1943 affirmat,
1186 1864 1223 1926 cf.
1235 1863 1262 1944 ξ.
1274 1868 1324 1928 23.
1409 1935 1410 1950 χ

306 1963 369 2027 Sed
390 1969 425 2026 ut
447 1964 628 2028 omittamus
650 1964 689 2027 de
710 1964 814 2027 dubiis
828 1965 878 2027 his
893 1965 1046 2048 uanisque
1069 1964 1218 2028 orationis
1239 1965 1324 2028 inter

222 2069 343 2126 actores
357 2064 587 2147 dispertiendae
602 2065 774 2128 rationibus
785 2065 912 2127 uberius
927 2065 1101 2149 disputare:
1117 2065 1143 2127 si
1157 2065 1323 2129 nobiscum

221 2184 286 2226 rem
318 2164 430 2227 acriter
458 2166 683 2248 reputabimus,
714 2165 890 2250 apparebit,
919 2184 1014 2246 quam
1039 2165 1165 2229 omnino
1191 2187 1254 2229 non
1280 2167 1322 2231 sit

220 2264 390 2349 probabilis
412 2266 484 2329 talis
507 2266 655 2328 orationis
674 2264 842 2328 distractio,
878 2265 960 2338 Quid
982 2265 1065 2327 enim
1088 2285 1203 2328 causae
1225 2273 1321 2350 putas

220 2387 298 2446 esse,
321 2387 376 2428 cur
391 2365 593 2449 Chrysippus,
615 2367 640 2428 si
663 2365 755 2456 modo
773 2360 956 2448 logographi
979 2367 1032 2447 qui
1050 2365 1163 2428 dicitur
1181 2366 1320 2430 adeundi

220 2467 381 2529 consilium
396 2467 487 2552 cepit,
509 2467 548 2531 ab
569 2489 606 2530 co
622 2467 776 2551 petiuerit,
797 2473 833 2529 υτ
848 2466 1076 2529 oratiunculam
1095 2488 1156 2529 non
1176 2466 1234 2529 sibi
1251 2468 1319 2547 soli,

219 2566 274 2629 sed
291 2567 381 2630 alteri
398 2587 522 2652 qnoque
537 2569 665 2631 alternis
680 2567 844 2630 dicendam
858 2567 1046 2630 conficeret?
1077 2566 1139 2630 Sed
1155 2567 1206 2630 fac
1221 2587 1318 2631 causa

218 2667 322 2730 nescio
344 2687 406 2750 qua
428 2667 598 2731 adductum
621 2690 691 2732 eum
715 2689 792 2748 esse,
818 2673 938 2730 uttam
961 2668 1154 2750 singularem
1175 2679 1318 2750 posceret
1406 2669 1407 2672 ’

217 2789 298 2830 rem:
327 2789 401 2831 num
424 2768 669 2832 Demosthenem
692 2769 764 2831 huic
793 2767 924 2848 obsequi
953 2766 1110 2830 studuisse
1138 2773 1241 2849 putas,
1269 2775 1317 2831 ut-

217 2875 289 2951 pote
316 2869 379 2949 qui,
409 2890 470 2952 quo
495 2875 636 2953 tempore
663 2869 741 2931 hacc
768 2855 938 2930 causaest
965 2873 1045 2946 acta,
1072 2887 1225 2930 summam
1254 2868 1315 2931 elo-

217 2969 364 3052 quentiae
392 2966 519 3032 l'audcm
548 2975 630 3033 essct
659 2969 865 3031 consecutus?
913 2965 1044 3029 Minime
1076 2967 1221 3048 equidem
1256 2968 1315 3031 hoc

216 3068 291 3130 mihi
307 3069 498 3153 persuadere
513 3089 648 3152 possum,
664 3068 849 3154 praesertim
868 3088 939 3130 cum
954 3066 987 3128 in
1002 3067 1115 3129 ceteris
1126 3065 1314 3131 Demosthe-

215 3169 292 3232 nicis
314 3176 369 3231 aut
395 3168 426 3232 in
457 3170 600 3233 omnibus
629 3176 787 3232 oratorum
813 3167 978 3230 atticorum
1008 3166 1201 3230 orationibus
1225 3169 1312 3232 nulla

215 3275 328 3349 exstet,
356 3289 437 3351 quac
460 3291 530 3332 cum
553 3270 612 3332 hac
635 3270 731 3355 possit
754 3267 937 3351 comparari.
979 3266 1029 3330 Ne
1052 3266 1122 3351 quis
1144 3268 1220 3330 mihi
1243 3290 1311 3331 ora·

215 3369 329 3431 tionem
350 3370 381 3431 in
399 3369 558 3433 Neaeram
580 3371 727 3455 scriptam
748 3368 871 3431 obiciat.
908 3367 990 3429 Nam
1012 3367 1044 3428 in
1067 3367 1127 3429 hac
1149 3380 1198 3430 res
1220 3368 1310 3430 aliter

215 3489 247 3529 sc
266 3467 377 3530 habet:
400 3490 462 3532 non
485 3469 618 3550 saepius,
640 3468 694 3532 scd
718 3468 814 3531 semel
839 3473 978 3530 actorum
997 3467 1032 3529 fit
1054 3467 1187 3530 mutatio
1210 3486 1310 3549 eaque

214 3568 340 3649 quidem
367 3570 457 3632 certis
479 3571 629 3655 probatur
658 3571 759 3632 causis
788 3575 884 3649 atque
909 3567 954 3630 ita
983 3574 1030 3630 est
1058 3573 1250 3650 comparata,
1276 3575 1310 3630 ut

214 3690 304 3732 nemo
327 3669 459 3752 ignoret,
481 3671 566 3735 unde
587 3674 667 3734 alter
687 3671 772 3751 loqui
787 3669 923 3753 incipiat
936 3667 968 3748 ¹),
990 3687 1072 3748 quae
1095 3668 1199 3731 omnia
1215 3669 1308 3753 plane

297 3834 317 3900 ¹)
335 3837 368 3889 cf.
387 3837 463 3890 Dem.
480 3854 517 3890 or.
537 3837 671 3901 [LVIIII.]
690 3837 722 3890 14
735 3877 759 3891 ..
774 3875 780 3888 .
794 3879 801 3890 .
817 3835 916 3906 δέομαι
934 3823 985 3885 οὖν
1003 3830 1089 3903 ὑμῶν,
1109 3825 1131 3885 ui
1148 3827 1174 3887 ἄ.
1190 3833 1226 3900 d.,
1240 3831 1307 3904 ἅπερ

211 3914 332 3988 ἡγοῦμαι
356 3916 501 3987 aporiam)
530 3919 660 3986 δεηθῆναι
686 3925 750 3973 νέον
775 3938 802 3972 τε
828 3915 894 3972 ὄντα
921 3923 968 3971 καὶ
994 3917 1114 3990 ἀπείρως
1137 3921 1236 3988 ἔχοντα
1263 3925 1307 3974 τοῦ

211 4005 310 4071 λέγειν,
329 4002 483 4074 συνήγορόν
494 4024 529 4075 με
542 4008 665 4058 κελεῦσαι
684 4009 795 4060 καλέσαι
813 4009 849 4074 τῷ
863 4004 949 4074 ἀγῶνι
964 4003 1048 4073 τούτῳ
1057 4003 1267 4077 Ἀπολλόδωρον
1278 4038 1306 4045 -

212 4095 237 4142 et
250 4108 318 4158 quae
331 4092 365 4143 ab
378 4094 462 4145 altero
475 4094 619 4145 dictasunt
632 4095 717 4162 prime
730 4096 811 4147 uerba
824 4092 847 4161 ξ.
860 4093 892 4147 16
906 4087 923 4145 ἃ
935 4091 989 4163 μὲν
1001 4091 1171 4163 ν’δικημένος,
1186 4082 1208 4143 oi
1222 4087 1250 4144 ἅ.
1262 4087 1305 4158 ’A.,

213 4169 264 4226 ὑπὸ
283 4170 430 4241 Στεφάνου
454 4173 608 4242 ἀναβέβηκα
633 4173 829 4250 κατηγορήσων
847 4182 966 4247 Νεαίρας
991 4180 1112 4245 ταυτησὶ,
1136 4175 1306 4250 Θεόμνηστος

211 4263 298 4330 sienne
317 4258 385 4330 πρὸς
404 4257 482 4329 ὑμᾶς.
500 4258 534 4320 ὡς
547 4259 627 4314 d’e’oci
643 4266 705 4330 ξένη
720 4267 831 4334 Νέἀιρα,
845 4295 876 4302 —
890 4266 967 4317 τοῦτο
984 4262 1048 4336 ὑμῖν
1059 4262 1193 4331 βούλομαι
1213 4266 1306 4334 σαφῶς

211 4346 353 4406 ἐπιδεῖξαι.
