2854 4960
550 383 758 442 *27*

115 561 175 626 ότι
192 557 320 641 κελεέέις
349 565 556 651 comparetur
577 566 673 629 etiam
687 587 729 631 or.
747 565 869 632 XVIII.
883 570 945 631 322
966 569 1041 652 τοὺς
1061 569 1202 654 καταρά·

113 689 180 740 τους
200 655 338 740 τούτους
360 661 484 750 ιίςπερ
506 667 600 752 θηρία
624 690 678 746 μοι
699 667 975 752 προςβαλλόντων.

188 762 293 850 Atque
314 765 394 830 haec
418 764 544 850 quidem
570 765 609 829 de
635 765 741 830 uerbis
768 765 917 831 orationis
938 767 1111 834 XXXHII.
1131 790 1201 834 uer-

112 864 277 951 borumque
304 865 477 947 structuris,
506 887 588 951 quae
616 887 635 929 a
662 865 876 930 Demosthene
905 873 960 930 aut
989 889 1118 952 perraro
1146 877 1202 934 aut

111 964 228 1028 omnino
260 986 323 1029 non
357 971 429 1030 sunt
462 964 618 1046 adhibita3
654 972 849 1030 transeamus
880 988 964 1032 nunc
996 968 1037 1031 ad
1069 970 1201 1035 alteram

109 1071 225 1148 partem
246 1087 364 1149 eorum,
386 1085 468 1150 quae
490 1067 529 1131 de
551 1067 726 1132 elocutione
747 1073 820 1131 sunt
840 1067 983 1151 dicenda,
1006 1075 1037 1133 et

383 1241 428 1306 dc
456 1250 599 1308 ornatu
628 1249 748 1329 atque
771 1213 918 1329 figuris
994 1319 997 1327 .

106 1367 291 1430 disseramus
302 1366 333 1444 ¹).

184 1467 232 1531 Ac
260 1468 396 1551 primum
423 1468 455 1531 in
481 1469 621 1533 oratione
647 1468 819 1534 XXXIIII.
847 1487 963 1552 magna
989 1467 1199 1533 uerborum

105 1574 150 1631 est
170 1568 322 1653 inopia3
349 1569 567 1634 molestissime
597 1570 680 1634 enim
707 1569 741 1633 in
765 1589 804 1633 ea
830 1568 931 1653 repeti
956 1567 1098 1633 uidemus
1120 1569 1199 1634 haec

103 1667 200 1732 uerba
220 1673 253 1731 et
273 1668 460 1734 locutiones:

184 1765 228 1847 ἓξ
250 1769 269 1830 5
300 1768 386 1851 φασὶ
407 1771 433 1829 δ’
456 1770 694 1832 ἀποδεδωκέναι
721 1771 760 1832 ’τὸ
783 1769 1018 1854 χρυσίον-ὡς
1040 1772 1097 1831 οὐκ
1119 1771 1198 1832 ἀπο-

104 1869 230 1930 δέδωκεν
242 1905 282 1914 -
294 1869 488 1944 ἀποδοῦναι,
507 1871 526 1932 9
550 1871 566 1929 ό
589 1876 647 1931 νῦν
669 1869 803 1952 φάσκων
824 1867 1060 1931 ἀποδεδωκέναι
1080 1870 1120 1931 τὸ
1135 1895 1195 1956 χρ,

105 1971 138 2032 ll
164 1967 303 2053 ᾧφησιν
319 1967 555 2032 ἀποδεδωκέναι
576 1969 616 2029 τό
631 1994 691 2054 χρ,
708 1970 746 2032 12
769 1966 922 2050 ὡμολόγει
944 1969 1137 2045 ἀποδώσειν,
1159 1971 1197 2033 13

102 2070 167 2130 οὐδ’
183 2065 363 2130 ἀποδίδωσι
383 2069 423 2128 τὸ
438 2067 576 2140 δάνειον,
601 2070 640 2132 14
655 2067 837 2131 ἀποδέδωκε
859 2067 898 2127 τὸ
916 2093 964 2153 χρ.
982 2101 1024 2110 -
1039 2091 1196 2151 παρέστη·

101 2165 192 2240 κότος
205 2183 268 2230 τοῦ
286 2167 334 2238 Α,
351 2166 443 2249 ᾦυῦν
458 2178 557 2249 φησιν
572 2168 808 2230 ἀποδεδωκέναι
822 2166 862 2229 τὸ
873 2193 935 2254 χρ,
952 2168 991 2231 15
1007 2167 1196 2230 ἀποδέδωκα

100 2267 158 2350 γὰρ
186 2273 294 2353 τούτῳ
321 2285 366 2354 τῷ
388 2267 605 2354 παρεστηκότι
626 2268 665 2331 τὸ
687 2293 746 2352 χρ,
771 2270 808 2332 16
836 2268 959 2330 οὐδέπω
985 2266 1057 2329 τότ’
1079 2263 1197 2350 ἔφησεν

101 2367 333 2432 ἀποδεδωκέναι
343 2371 382 2430 τὸ
394 2395 451 2455 χρ,
466 2370 503 2432 11
517 2371 555 2443 ἀς
568 2369 792 2432 ἀποδεδώκασι
802 2369 842 2430 τὸ
852 2393 898 2453 χρ,
908 2401 949 2411 -
960 2371 998 2442 ὡς
1014 2364 1196 2429 ἀποδέδωκε

100 2468 139 2529 τὸ
160 2468 344 2554 χρ.-οότ’
368 2468 511 2531 ἀπέδωκε
539 2469 578 2530 τὸ
601 2493 662 2554 χρ,
684 2470 725 2532 22
747 2467 928 2531 ἀποδώσειν
948 2471 988 2530 τὸ
1011 2493 1071 2552 χρ,
1094 2469 1134 2530 23
1156 2469 1195 2528 Φ.

100 2567 133 2629 δέ
154 2580 254 2650 φησιν
275 2570 468 2652 ἀποδουναι,
492 2570 532 2631 24
548 2566 612 2630 <ica
634 2571 712 2650 φησὶ
733 2569 869 2654 χρήματ’
886 2567 1133 2642 ἀποδεδωκέναι,
1156 2569 1195 2630 25

26 2733 27 2742 Q
100 2665 136 2742 ἀς
158 2679 258 2750 φησιν
286 2667 520 2732 ἀποδεδωκέναι
539 2701 575 2712 ·-
595 2666 994 2740 ἀποδοῦναι-ἀπέδωκε,
1018 2668 1057 2730 26
1080 2668 1195 2729 ἀποδέ-

26 2783 27 2802 ¹
99 2769 197 2843 δωκας
210 2805 250 2814 ——
263 2768 442 2842 ἀπεδίδους,
459 2769 499 2831 29
513 2778 656 2834 τοσοῦτο
671 2792 720 2853 χρ.
733 2765 948 2842 ἀποδιδόντα,
963 2768 1004 2830 30
1019 2767 1195 2827 ἀποδιδῶσι

100 2903 138 2910 -
151 2866 355 2940 ἀποδιδόντι,
378 2870 415 2931 31
437 2866 611 2940 ,ἀπεδίδους
623 2904 666 2914 -
677 2866 852 2942 ἀποδιδούς
864 2864 942 2948 -ᾦ
963 2868 1002 2928 τὸ
1023 2891 1072 2952 χρ.
1089 2866 1196 2942 ἀπεδί-

99 2968 181 3042 δους,
204 2969 245 3031 32
274 2969 457 3031 ἀποδοῦναι
482 2968 522 3030 τὸ
549 2967 727 3052 χρ-φηὶς
756 2969 870 3030 δοῦναι
897 2971 936 3028 τὸ
964 2991 1024 3052 χρ,
1046 2968 1086 3043 33
1115 2966 1195 3026 ἀπο-

99 3067 212 3129 δοῦναι
233 3068 277 3128 τὰ
293 3068 494 3152 χρήματα-
506 3068 544 3130 τὸ
567 3093 614 3151 χρ.
633 3067 826 3139 ἀποδοῦναι,
848 3068 889 3129 34
904 3066 958 3129 καί
973 3079 1070 3147 φησιν
1092 3067 1195 3149 ἐκείνῳ

98 3167 136 3226 τὸ
154 3193 202 3252 χρ.
220 3166 465 3241 ἀποδεδωκέναι,
482 3170 519 3231 41
538 3166 714 3250 τριάκοντα
729 3174 803 3248 μνᾶς
826 3169 881 3228 καὶ
901 3164 990 3228 ἐννέα
1012 3167 1195 3228 ἀποδοῦναι

100 3265 210 3328 -ὅτε
232 3265 415 3328 ἀποδοῦναί
443 3280 523 3347 φησι
549 3269 589 3330 τὸ
618 3291 679 3352 χρ,
701 3268 741 3330 46
769 3275 831 3328 τοῦ
853 3267 882 3326 δ’
906 3266 1196 3328 ἀποδεδωκέναι-

99 3368 156 3441 τὴν
184 3366 355 3438 ἀπόδοσιν,
378 3367 417 3428 47
447 3368 633 3446 φάσκοντος
662 3368 689 3427 δ’
713 3365 1012 3441 ἀποδεδωκέναι,-
1033 3364 1072 3428 cf.
1100 3365 1195 3429 eiiam

99 3465 142 3547 ἐξ.
164 3470 182 3530 8
205 3466 265 3540 τὰς
281 3467 454 3538 ἐπιστολὰς
478 3469 533 3528 οὐκ
557 3467 767 3540 ἀποδίδωσιν,
784 3468 824 3529 28
840 3466 913 3527 οὐδὲ
935 3465 996 3540 τὰς
1018 3464 1194 3538 ἐπιστολὰς

99 3567 261 3640 ἀπέδωκας
284 3568 407 3639 αὐτοῖς,
431 3566 470 3630 29
486 3561 577 3640 ὅστις
601 3565 780 3651 γράμματα
801 3565 906 3645 λαβὼν
921 3566 960 3644 μὴ
984 3564 1193 3640 ἀποδέδωκεν,

99 3667 138 3730 32
159 3667 220 3740 τὰς
242 3665 418 3739 ἐπιστολὰς
441 3667 634 3728 ἀποδοῦναι.

180 3763 224 3846 ἐξ.
247 3767 266 3829 6
284 3765 466 3840 κελευούσης
482 3765 515 3826 δέ
528 3773 583 3839 τῆς
599 3773 786 3849 συγγραφῆς
809 3762 963 3827 ἐνθέσθαι
978 3767 1019 3838 είς
1033 3768 1092 3840 τὴν
1114 3773 1194 3828 ναῦν

98 3868 229 3952 φορτία,
251 3867 268 3926 1
292 3860 368 3926 οὔτε
389 3868 434 3924 τὰ
462 3865 595 3948 χρήματ’
618 3851 736 3925 ἐνέθετ’
760 3865 802 3938 εἰς
823 3889 852 3925 τ.
876 3888 902 3926 ν.
932 3863 1117 3938 κελευούσης
1138 3872 1193 3939 τῆς

181 4039 201 4105 ¹)
227 4042 261 4095 cf.
288 4042 320 4093 de
347 4039 398 4092 hac
422 4043 498 4107 parte
521 4039 713 4091 dissertationis
738 4057 813 4092 meae
837 4000 865 4090 I'.
890 4038 965 4090 Uhlii
989 4039 1021 4090 de
1045 4039 1195 4090 orationum

98 4122 269 4176 Demostheni
303 4125 371 4176 Ialso
406 4124 573 4176 addictarum
609 4123 781 4190 scriptoribus
816 4121 1001 4190 quaestionum
1034 4121 1193 4189 perticulam

98 4207 216 4272 alteram,
229 4208 256 4259 in
268 4225 322 4275 qua
334 4208 423 4276 agitur
435 4207 467 4259 de
480 4207 629 4259 orationum
642 4205 773 4257 XXXIII.
783 4204 928 4258 XXXIIII.
940 4204 1010 4258 LVI.
1023 4203 1194 4273 scriptoribus

98 4287 214 4359 (Lipsiae
231 4287 318 4357 1886),
334 4307 396 4360 pag.
413 4288 430 4341 9
448 4307 525 4359 prxx.
