2854 4960
656 371 863 431 -10-

208 553 376 616 Blossium.
419 552 513 617 isox
539 573 586 634 eo,
613 551 697 637 quod
722 553 755 614 in
781 551 807 632 ἓ.
829 555 870 615 32
895 553 994 617 uerba
1016 549 1085 616 οἵδε
1111 555 1313 628 ἐποιήσαντο

208 653 365 736 leguntur,
387 673 469 737 quae
490 670 593 734 neque
612 673 632 715 a
648 650 826 737 Chrysippo
848 673 950 736 neque
973 674 992 716 a
1014 651 1113 717 fratre
1134 652 1222 717 dicta
1244 674 1315 730 esse

208 759 347 839 possunt,
368 744 718 817 concludit'orationem
741 752 781 816 ab
803 753 914 816 ultimo
935 753 1024 816 initio
1046 754 1091 816 ita
1110 752 1211 818 luisse
1229 774 1314 818 com·

208 859 362 937 paratam,
390 859 425 915 ut
453 873 472 915 a
499 856 611 916 neutro
637 851 760 933 horum,
789 852 843 915 sed
873 873 892 916 a
920 859 1053 936 patrono
1074 852 1191 938 aliquo,
1216 874 1315 939 quem

209 955 382 1038 συνήγορον
401 958 516 1016 uocant
531 951 655 1033 Graeci,
675 951 839 1032 diceretur,
860 959 892 1015 et
907 959 1026 1038 postea,
1043 953 1098 1016 ubi
1113 951 1316 1039 Chrysippus

210 1074 280 1116 eam
301 1053 370 1136 ipse
391 1052 510 1117 habere
531 1052 750 1131 constituisset,
777 1073 848 1115 oum
874 1073 953 1137 opus
974 1059 1058 1117 esset
1079 1055 1316 1132 retractatione,

209 1173 271 1216 non
303 1173 342 1216 ea
374 1174 437 1238 qua
470 1152 599 1216 deberet
635 1173 731 1237 opera
767 1158 863 1237 atque
894 1151 1058 1232 diligentia
1090 1154 1314 1238 pronominum

209 1252 485 1317 commutationem
504 1273 571 1316 esse
590 1252 717 1334 factam,
733 1252 779 1315 ita
797 1258 832 1315 ut
849 1252 975 1338 saepius
992 1254 1120 1336 legatur
1136 1274 1316 1336 pronomen

208 1353 489 1418 demonstratiuum
510 1375 566 1439 pro
588 1352 745 1437 personali
767 1342 958 1438 pronomine.
1000 1353 1106 1428 Quam
1128 1375 1189 1438 ego
1212 1356 1314 1438 expli·

209 1454 364 1517 cntionem
386 1453 465 1517 adeo
494 1475 555 1517 non
577 1453 680 1535 reicio,
705 1459 741 1515 ut
762 1452 802 1516 ad
825 1473 895 1516 eam
917 1453 1165 1517 confirmandam
1186 1475 1314 1537 sperem

209 1553 327 1637 aliquid
349 1575 368 1617 a
390 1575 440 1617 me
468 1553 601 1618 conferri
622 1573 722 1636 posse.
765 1552 870 1627 Quid?
887 1545 1028 1618 *maximi
1050 1574 1153 1618 nonne
1176 1560 1224 1618 est
1246 1576 1314 1618 mo-

208 1655 315 1736 menti,
338 1654 421 1738 quod
440 1655 472 1717 in
487 1675 550 1717 uno
565 1653 739 1737 eodemque
753 1653 946 1739 paragraphi
961 1655 1131 1718 uicesimae
1146 1655 1315 1719 enuntiato

209 1761 240 1819 et
268 1755 433 1840 personale
461 1775 631 1840 pronomen
659 1791 700 1800 —
731 1754 997 1836 ἀγανακτοῦντος
1026 1753 1059 1815 δέ
1086 1780 1159 1837 μοο
1183 1759 1315 1818 ...καὶ

207 1853 428 1938 παρεχομένου
450 1855 527 1940 πρὸς
549 1857 608 1916 τὸν
623 1853 791 1926 διαιτητὴν
813 1853 871 1926 τὴν
889 1854 990 1928 αὐτὴν
1009 1856 1199 1941 μαρτυρίαν,
1215 1853 1314 1942 ἥνπερ

207 1956 261 2015 καὶ
293 1963 352 2018 νῦν
383 1955 459 2041 πρὸς
491 1958 573 2036 ὑμᾶς
610 1953 861 2041 παρέχομαι,
894 1963 957 2018 τῶν
989 1955 1021 2029 ἐξ
1054 1957 1152 2038 ἀρχῆς
1183 1957 1314 2041 προςελ-

207 2053 335 2117 Ξόντων
363 2057 450 2136 αὐτῷ
470 2057 541 2133 μεθ’
568 2057 653 2133 ἡμῶν
678 2091 719 2098 -
742 2058 773 2116 et
794 2052 1074 2118 demonstratiuum
1092 2090 1134 2100 —
1156 2053 1315 2136 (ὁμολόγει

209 2155 263 2234 μὲν
292 2155 442 2238 εἰρηκέναι
468 2161 581 2214 ταῦτα
610 2153 688 2240 πρὸς
716 2162 932 2218 τοῦτον-
955 2154 995 2217 ad
1024 2154 1159 2219 eundem
1188 2159 1315 2240 spectat

208 2251 476 2338 Chrysippum?¹)
503 2253 672 2338 Reliquum
701 2260 756 2334 est,
783 2261 819 2318 ut
846 2259 878 2318 ἐν
905 2264 951 2338 τῷ
976 2258 1058 2341 μέρει
1089 2254 1189 2318 uerba
1217 2276 1313 2338 para·

207 2355 321 2440 graphi
343 2354 462 2439 primae
485 2355 558 2417 huic
579 2356 829 2440 interpretationi
851 2355 979 2419 minime
1001 2355 1125 2419 obstare
1147 2376 1311 2419 moneam:

207 2455 247 2519 de
269 2476 332 2539 qua
352 2476 387 2519 re
415 2456 591 2518 accuratius
613 2454 734 2519 dicetur
756 2456 818 2518 alio
839 2457 916 2519 loco.

290 2555 375 2618 Satis
402 2555 497 2638 igitur
522 2554 648 2618 uidetur
682 2577 837 2642 apparere
864 2556 1036 2619 orationem
1065 2555 1238 2618 XXXIIII.
1266 2556 1310 2618 ab

207 2678 269 2719 uno
291 2663 418 2720 auctore
440 2677 477 2720 eo
499 2655 626 2720 consilio
648 2677 716 2719 esse
738 2656 956 2741 conscriptam,
979 2663 1014 2719 ut
1041 2655 1081 2719 ab
1108 2677 1171 2719 uno
1190 2662 1310 2736 actore,

207 2777 269 2819 non
292 2778 310 2819 a
333 2755 455 2820 duobus
476 2755 561 2842 apud
583 2755 701 2819 iudices
723 2756 901 2819 haberetur.

290 2855 464 2919 Veniamus
485 2877 569 2920 nunc

596 3004 640 3070 ad
665 3005 917 3086 elocutionem,

208 3177 301 3239 quam
326 3157 379 3240 qui
394 3156 561 3239 diligenter
579 3158 817 3238 examinauerit,
839 3179 901 3222 non
916 3157 1072 3221 dubitabit
1093 3180 1211 3241 negare
1226 3160 1305 3222 hanc

207 3257 378 3320 orationem
401 3278 420 3320 a
441 3256 654 3321 Demosthene
676 3279 744 3322 esse
766 3259 979 3341 compositam.

291 3358 396 3441 Atque
418 3358 553 3440 primum
575 3357 701 3440 quidem

368 3491 413 3555 de
444 3491 602 3554 delectu
634 3497 671 3553 et
702 3497 906 3555 structura
934 3492 1143 3556 uerborum

206 3624 332 3687 uidetur
354 3646 422 3692 esse
437 3624 660 3688 disserendum.
692 3625 867 3710 Sequemur
882 3634 987 3690 autem
1003 3629 1151 3691 orationis
1166 3629 1303 3692 ordinem

205 3726 238 3788 in
262 3725 481 3788 enumerandis
504 3726 557 3807 eis,
578 3747 660 3809 quae
683 3725 786 3788 aliena
808 3732 880 3788 sunt
902 3748 921 3789 a
943 3726 1165 3791 Demosthenis
1187 3750 1255 3792 usu.

290 3824 315 3904 ξ.
333 3829 366 3888 l:
389 3825 508 3886 Δίκαια
522 3828 605 3905 ὑμῶν
624 3825 800 3907 διοισόμεθ’,
817 3824 960 3912 ὦᾶνδρες
978 3827 1144 3904 δικασταὶ,
1166 3830 1305 3892 ἀκοῦσαι

205 3929 287 4004 ἡμῶν
321 3928 389 4004 μετ’
419 3926 542 3998 εὐνοίας
575 3928 606 3988 ἐν
637 3935 682 4008 τῷ
709 3922 790 4008 μέρει
823 3922 993 4007 λεγόντωνε
1022 3927 1172 3990 nonnulla
1201 3928 1250 3990 his
1274 3927 1305 3989 in

206 4024 311 4087 uerbis
347 4025 462 4106 insunt,
501 4043 583 4105 quae
620 4044 690 4088 cum
728 4023 881 4086 similibus
918 4030 1094 4087 ceterarum
1131 4029 1304 4091 orationum

291 4198 310 4264 ¹)
328 4201 361 4250 cs.
380 4198 402 4260 §-
424 4198 458 4251 35
481 4199 528 4248 καὶ
552 4194 566 4249 ὀ
591 4194 716 4268 Λάμπις,
741 4193 794 4249 ὅσα
817 4196 871 4268 μὲν
889 4191 948 4249 εἶπε
972 4195 1059 4266 πρὸς
1083 4197 1142 4269 ἐμὲ
1168 4202 1235 4270 πρὶν
1254 4197 1304 4251 ὑπὸ

208 4279 303 4334 rodaco
322 4283 521 4352 διαφθαρῆναι,
542 4282 591 4335 οὐκ
610 4281 686 4343 ἐντὸς
704 4280 744 4336 civ
762 4281 846 4336 αὑτοῦ
865 4301 950 4352 φησιν
967 4287 1063 4335 εἰπεῖν.
