2854 4960
530 416 738 477 -29„

207 648 213 662 .
235 600 275 662 28
290 598 430 672 πολλοὺς
445 598 680 682 παρίστανται,
696 599 737 660 30
752 597 846 658 πολλ.
861 597 993 682 παρίστ.
1011 595 1182 682 μάρτυρας.

207 747 213 761 .
235 701 275 762 28
298 697 342 759 ἑνί
363 698 499 770 σκήπτει
522 696 668 781 μάρτυρι,
687 698 725 759 47
749 695 773 781 ᾧ
794 697 973 768 σκήπτεται
995 696 1140 782 μάρτυρι.

170 797 214 880 ἓξ.
241 801 281 863 35
316 798 391 884 πρὶν
423 795 488 858 ὑπὸ
524 796 648 857 τούτου
681 799 914 881 διαφθαρῆναι,
945 797 982 859 41
1017 797 1092 883 πρὶν
1119 797 1183 857 ὑπὸ

82 901 209 960 τούτου
231 899 467 981 διαφθαρῆναι,
489 897 529 958 48
552 897 657 969 ἐπειδὴ
680 895 845 981 διεφθάρη.

169 996 215 1078 ἓξ.
237 999 276 1062 47
306 1007 371 1072 πῶς
400 998 428 1057 δ’
455 999 512 1058 οὐκ
541 991 582 1057 άν
611 997 654 1070 ε’ίη
682 991 822 1070 ἄτοπον,
851 998 941 1069 εί..;
971 996 1010 1061 49
1042 999 1099 1056 σιἰκ
1126 995 1183 1058 οὖν

19 1111 20 1154 1
83 1093 226 1173 άτοπον,
248 1099 274 1158 εί
290 1147 295 1159 ,
312 1123 335 1169 ,ς

167 1195 315 1277 Agedum
330 1217 413 1260 nunc
428 1217 627 1281 quaeramus,
641 1197 674 1259 in
690 1196 916 1262 exornandis
937 1202 1033 1279 atque
1052 1198 1183 1283 ampli-

18 1338 19 1357 .
82 1297 262 1362 ficandis
285 1304 317 1362 et
339 1297 556 1362 sententiis
578 1302 610 1361 ct
632 1296 760 1378 singulis
780 1296 906 1362 uerbis
927 1296 1021 1363 huius
1035 1296 1183 1361 orationis

83 1397 216 1484 scriptor
238 1419 302 1484 qua
323 1419 398 1461 usus
421 1397 460 1461 sit
482 1397 611 1462 ratione.

166 1499 273 1564 Primo
295 1499 390 1579 igitur
411 1499 480 1563 loco
501 1534 541 1542 —
563 1504 599 1562 ut
620 1497 872 1584 amplificationis
897 1517 1048 1580 generum
1070 1517 1184 1581 sequar

82 1599 315 1665 distinctionem
343 1599 384 1664 ab
407 1597 502 1664 Uhlio
515 1598 538 1679 ¹)
565 1599 757 1685 propositam
780 1637 820 1645 —
843 1598 992 1682 exempla
1017 1618 1184 1681 congeram

81 1702 150 1766 eius
172 1700 307 1784 generis,
330 1699 413 1782 quod
435 1699 579 1781 efficitur,
601 1720 672 1763 oum
693 1720 759 1781 ,σα
773 1719 855 1782 quae
870 1699 1019 1783 negatiue
1034 1719 1184 1782 expressa

82 1807 167 1884 sunt,
196 1801 387 1865 affirmatiue
416 1797 587 1864 iterantur“
611 1798 735 1884 (σχῆμα
763 1805 835 1860 κατ’
859 1798 952 1885 ἄρσιν
981 1800 1035 1861 καὶ
1063 1797 1182 1879 θέσιν);

82 1900 128 1982 §§.
153 1903 191 1965 12
213 1901 266 1963 καὶ
288 1899 386 1976 οὖτος
408 1901 495 1962 κατὰ
509 1901 564 1978 μὲν
586 1900 687 1986 ἀρχὰς
710 1901 923 1974 οὐδεπώποτ’,
946 1896 1016 1962 dd.
1035 1899 1093 1974 Ἀ,
1115 1899 1183 1961 εἶπε

83 2003 142 2064 τὸν
156 2000 254 2085 λόγον
268 2009 402 2075 τοῦτον,
418 1996 455 2062 ὃν
477 1990 546 2064 νυνί
562 1998 652 2080 λέγει,
668 2001 740 2062 ἀλλ’
757 2000 806 2062 ἀεὶ
822 1998 973 2083 ὡμολόγει
990 1999 1182 2073 ἀποδώσειν,

83 2105 121 2166 31
148 2104 205 2164 οὐκ
229 2101 308 2181 ἐμοὶ,
324 2101 396 2162 ἀλλ’
420 2100 520 2187 ἑτέρῳ,
543 2102 583 2163 46
605 2107 667 2161 τοῦ
690 2100 718 2159 δ’
734 2100 968 2163 ἀποδεδωκέναι
991 2100 1090 2176 οὐδείς
1113 2100 1182 2160 ἐστι

84 2201 205 2286 μάρτυς
229 2196 287 2275 ἔξω
309 2210 370 2261 τοῦ
389 2199 559 2278 Λάμπιδος
574 2213 635 2261 τοῦ
655 2202 914 2274 συναδικοῦντος·
934 2201 988 2260 καὶ
1009 2199 1104 2274 οὗτος
1127 2197 1183 2280 μὲν

84 2304 124 2376 είς
149 2303 267 2364 ἐκεῖνον
296 2300 394 2382 μόνον
416 2302 568 2386 ἀναφέρει
594 2300 654 2370 τῆν
685 2297 857 2375 ἀπόδοσιν,
879 2302 920 2362 48
943 2303 999 2360 οὐκ
1027 2302 1059 2360 ἐκ
1081 2323 1183 2385 παρα·

85 2409 204 2476 σκευῆς,
233 2400 303 2460 ἀλλ’
331 2400 364 2459 ἐκ
394 2408 450 2472 τῆς
479 2398 640 2474 ἀληθείας,
662 2400 702 2461 49
731 2399 798 2459 οὐδ’
828 2401 925 2474 αὐτὸς
954 2402 971 2462 ὁ
994 2401 1031 2460 Λ.
1055 2397 1183 2485 ἔξαρνος

86 2500 216 2579 ἐγένετο,
240 2502 278 2573 ὡς
294 2501 351 2559 οὐκ
373 2497 416 2571 ε’ίη
439 2499 570 2583 εἰρηκὼς,
587 2495 639 2560 ὅτι
661 2501 743 2573 κτλ,
759 2501 830 2559 ἀλλ’
846 2501 945 2561 εἰπεῖν
968 2496 1128 2582 ὡμολόγει.
1142 2533 1183 2544 --

84 2598 208 2664 Deinde
230 2619 283 2663 eos
312 2597 444 2662 efferam
465 2599 559 2679 locos,
582 2597 695 2681 quibus
719 2619 785 2678 „ea
807 2619 889 2682 quae
918 2597 1107 2663 affirmatiue
1129 2617 1183 2660 ex·

85 2719 192 2784 pressa
215 2704 296 2781 sunt,
318 2699 468 2782 negatiue
493 2697 714 2781 repetuntur“:
740 2697 785 2778 §§.
807 2700 827 2760 4
857 2701 886 2759 οἱ
907 2699 1022 2781 νόμοι.
1041 2748 1046 2759 .
1064 2698 1184 2758 ἀπολο-

86 2802 214 2883 γεῖσθαι
242 2800 425 2861 κελεύουσιν
458 2799 647 2862 εὐθυδικίαν
675 2800 822 2874 είςιόντα,
852 2802 889 2860 οὐ
922 2810 1116 2884 κατηγορεῖν,
1145 2798 1184 2860 12

86 2893 188 2984 ἕτερος
210 2897 265 2973 ἤδη
288 2896 400 2970 ἦνκαὶ
422 2902 482 2982 οὐχ
505 2893 522 2958 ὁ
545 2897 655 2973 αὐτός,
677 2900 717 2961 33
736 2899 960 2984 παραβεβηκὼς
986 2901 1014 2961 δ’
1037 2897 1131 2972 εὐθὺς
1153 2899 1183 2970 ἐξ

87 2999 182 3083 ἀρχῆς
205 2997 328 3060 καὶτὰ
351 3001 504 3083 χρήματα
527 2999 583 3057 οὐκ
612 2998 787 3078 ἐνθέμενος,
810 2999 849 3061 52
878 3003 960 3080 ὑμᾶς
983 2997 1017 3060 δὲ
1043 3001 1089 3059 δεῖ
1110 3021 1183 3059 συν-

87 3099 348 3190 επανορθοῦντας
363 3097 544 3180 φαίνεσθαι
559 3096 613 3157 καὶ
629 3095 669 3178 μὴ
682 3106 928 3183 συγχωροῦντας
939 3110 1008 3171 τοῖς
1024 3109 1183 3182 πονηροῖς,

86 3195 158 3261 ibid.
179 3195 235 3259 ἐὰν
255 3197 504 3280 διαφυλάττητε
531 3196 607 3269 τοὺς
629 3195 674 3258 τά
696 3198 814 3259 ἑαυτῶν
836 3198 1041 3283 προϊεμένους
1069 3196 1182 3278 καὶμὴ

87 3296 271 3382 ἐπιτρέπητε
287 3297 477 3359 ἀδικεῖσθαι.
494 3333 536 3342 -
552 3292 588 3360 ln
610 3296 702 3360 tertio
718 3297 968 3383 amplificationis
987 3317 1102 3381 genere
1123 3295 1184 3360 looi

87 3395 269 3460 numerandi
292 3402 363 3461 sunt
383 3396 415 3478 ii,
437 3395 552 3478 quibus
576 3416 642 3478 ,θα
654 3395 741 3479 ¹quae
756 3397 946 3462 affirmetiue
961 3404 1017 3462 eut
1034 3395 1183 3480 negatiue
1251 3450 1252 3453 ,

87 3517 235 3579 expressa
247 3503 327 3578 sunt,
339 3497 529 3562 affirmatiue
541 3496 636 3561 etiam
648 3504 705 3562 aut
715 3499 865 3582 negatiue
878 3495 1092 3584 repetuntur“.
1104 3495 1184 3560 Sunt

87 3603 191 3662 autem
212 3597 259 3662 hi:
281 3596 326 3678 ἓξ.
344 3600 381 3661 13
404 3597 497 3660 οὐδὲν
518 3610 603 3659 ποιεῖ
625 3607 686 3661 τῶν
709 3599 839 3661 δικαίων
858 3601 1004 3685 Φορμίων
1019 3596 1087 3660 οὐδ’
1103 3598 1183 3658 ἀπο-

87 3697 197 3759 δίδωσι
218 3697 258 3759 τὸ
280 3697 408 3760 δάνειον
430 3703 462 3762 et
481 3699 521 3760 20
543 3696 589 3758 τὰ
611 3698 708 3774 ψευδῆ
729 3705 893 3783 μαρτυρῶν
913 3697 967 3757 καί
982 3699 1115 3780 πονηρὸς
1130 3694 1182 3759 ἀν.

167 3797 338 3862 Praeterea
359 3796 421 3862 huc
435 3797 601 3862 referenda
620 3803 692 3861 sunt
713 3798 830 3862 uerba
853 3817 934 3879 quae
956 3797 1063 3862 uocari
1084 3797 1184 3861 solent

87 3899 383 3980 cognominata,
406 3918 487 3980 quae
516 3902 710 3981 quantopere
731 3897 764 3960 in
786 3896 904 3961 deliciis
932 3896 1048 3961 fuerint
1068 3896 1182 3962 Demo·

88 3996 190 4062 stheni
209 4019 301 4063 neruo
324 4005 372 4062 est
392 3999 467 4083 quin
489 3997 610 4078 sciet2).
643 3996 681 4060 In
695 3996 755 4062 hac
777 4019 852 4063 uero
870 3997 1009 4063 oratione
1031 3996 1117 4061 haud
1137 3997 1182 4060 ita

89 4114 285 4122 -—..—--.-.

169 4170 190 4236 ¹)
208 4173 241 4226 of.
260 4174 444 4240 quaestionum
463 4173 556 4241 partic.
574 4173 596 4226 1.
615 4168 722 4241 (Hagen
741 4169 817 4235 1883)
835 4190 896 4241 pag.
913 4171 946 4225 55
963 4190 1021 4241 prx.

167 4251 189 4317 ²)
207 4256 240 4308 cf.
258 4255 417 4308 Rchdantuii
435 4258 452 4309 l.
471 4273 496 4323 q.
514 4255 530 4306 i.
551 4255 766 4320 „Demosthenea'
784 4272 854 4307 noun
878 4256 1056 4324 philippischc
1074 4250 1180 4308 Reden“

86 4339 139 4390 uol.
156 4339 191 4390 Π.
210 4341 278 4407 part.
294 4339 330 4391 11.
349 4337 507 4403 [›>Indices«]
526 4355 587 4408 pag.
605 4336 655 4391 166
673 4335 704 4402 (ε.
722 4356 748 4391 u.
766 4339 949 4409 Eruciterung
966 4337 1002 4404 2).
