2854 4960
559 405 743 467 ὁ.9..

91 585 227 652 diuersa
256 609 325 652 esse
354 589 395 652 ab
421 587 563 651 oratione
593 594 701 651 contra
723 587 944 652 Phormionem
973 585 1083 651 habita
1111 606 1202 652 nemo

90 695 139 777 est
162 689 246 770 quin
267 688 383 752 uideat.
409 731 414 740 κ

179 789 312 864 Quibus
328 790 422 854 rebus
444 788 647 853 consideratis
669 811 730 853 non
749 787 920 868 miraberis,
942 790 1023 874 quod
1047 789 1101 853 alii
1124 789 1202 853 alias

53 941 55 950 .
90 889 164 954 uias
186 889 326 973 ingressi
348 896 419 954 sunt
433 890 492 954 uiri
507 889 604 953 critici
619 889 659 953 ad
681 889 763 954 hanc
778 890 995 975 quaestionem
1011 889 1203 970 soluendam,

90 989 154 1053 rati
177 990 356 1054 orationem
378 1010 473 1072 quam
501 1011 585 1054 nunc
605 990 740 1074 legimus
768 1012 829 1055 non
852 1012 920 1055 esse
942 992 1063 1055 saluam
1085 991 1202 1054 incolu-

90 1110 257 1173 memque,
294 1091 349 1155 sed
384 1098 439 1155 aut
475 1112 544 1155 esse
576 1096 780 1156 retractatam
813 1096 910 1176 atque
946 1097 1117 1156 correctam
1148 1098 1203 1154 aut

91 1190 322 1276 interpolatam
357 1213 377 1254 a
408 1191 514 1255 nescio
547 1210 617 1274 quo.
670 1190 719 1255 Ac
752 1191 789 1256 R.
820 1191 1043 1271 Duncherus1)
1083 1192 1202 1271 ,locum

91 1288 119 1369 ξ.
142 1292 236 1353 22-
248 1289 275 1370 ἕ.
286 1292 335 1373 33,
356 1291 543 1378 principium
563 1291 642 1355 illud
664 1292 802 1356 omnium
830 1292 897 1356 fere
918 1292 1140 1355 difficultatum
1166 1311 1203 1354 ac

92 1389 229 1473 fontem,
253 1391 448 1456 exoratione
470 1399 506 1456 ut
526 1393 631 1456 aliena
645 1414 742 1457 manu
756 1383 963 1478 compositum
977 1391 1202 1456 remouendum
1218 1421 1220 1426 ·

93 1490 184 1554 esse“
212 1513 255 1556 ex
275 1493 432 1556 nonnullis
459 1492 607 1577 loquendi
634 1493 764 1558 rationis
792 1494 948 1558 concludit
976 1493 1202 1576 discrepantiis,

93 1613 177 1675 quas
196 1592 280 1656 inter
298 1593 383 1656 huno
402 1593 506 1657 locum
525 1599 557 1657 et
571 1593 725 1679 reliquam
748 1595 920 1658 orationem
942 1595 1052 1658 statuit
1073 1614 1150 1673 esse,
1172 1599 1204 1657 et

95 1712 137 1755 ex
161 1713 213 1774 eo,
237 1694 321 1774 quod
351 1695 469 1774 ,multa
497 1715 614 1775 eorum,
642 1715 723 1778 quae
751 1695 802 1759 hic
829 1696 916 1758 locus
938 1694 1043 1773 habet,
1071 1694 1112 1758 ab
1134 1694 1203 1757 aliis

94 1791 193 1856 huius
212 1794 372 1858 orationis
400 1795 476 1858 locis
504 1785 604 1880 petita
632 1793 732 1858 sunt“.
774 1795 937 1859 Audacius
964 1794 1047 1858 istud
1072 1793 1203 1878 quidem

94 1892 184 1956 haud
201 1893 298 1957 dubie
313 1915 407 1978 quam
429 1895 553 1959 rectius.
585 1895 658 1959 Non
672 1895 774 1960 dicam
789 1895 848 1960 hoc
869 1896 945 1976 loco,
967 1916 1063 1980 quam
1077 1895 1203 1958 illarum

95 1992 383 2078 discrepantiarum
405 1995 454 2058 uis
474 2015 537 2059 non
562 1995 759 2060 mediocriter
780 1996 894 2061 idcirco
917 1997 957 2059 sit
978 1994 1203 2080 impugnanda,

96 2093 184 2177 quod
207 2094 243 2156 iu
261 2095 355 2178 longe
370 2094 512 2181 plurimis
528 2095 721 2160 orationibus
743 2097 975 2179 argumentatio
997 2097 1068 2183 plus
1086 2094 1204 2160 habeat

97 2200 231 2262 ornatus
247 2195 374 2259 oratorii
388 2217 483 2280 quam
498 2196 639 2280 reliquae
654 2197 802 2261 orationis
816 2204 938 2283 partes3
953 2197 1203 2283 praetermittam

96 2293 177 2357 illud
194 2295 301 2374 etiam,
314 2295 353 2359 de
368 2316 430 2381 quo
452 2296 535 2359 infra
557 2297 735 2361 accuratius
755 2299 875 2380 loquar,
899 2298 1023 2362 omnino
1042 2295 1203 2360 abundare

27 2455 31 2460 .
98 2395 275 2459 orationem
311 2403 450 2460 nostram
486 2398 737 2483 repetitionibus:
777 2399 835 2463 hoc
878 2420 995 2483 quaero
1031 2397 1203 2462 offensione

98 2515 205 2560 nonne
238 2496 278 2559 sit
310 2495 535 2580 dignissimum,
568 2499 651 2582 quod
682 2521 745 2563 non
776 2499 902 2563 dubitat
932 2499 982 2562 uir
1013 2499 1066 2562 ille
1094 2497 1204 2561 doctus
1268 2495 1269 2500 ’

100 2600 215 2678 putare
237 2595 394 2660 rhetorem
409 2599 461 2661 uel
476 2599 716 2681 grammaticum
732 2599 869 2684 aliquem
885 2606 950 2662 tam
972 2619 1041 2662 esse
1057 2619 1203 2682 sagacem

99 2695 322 2780 subtilemque,
342 2703 378 2760 ut
406 2699 554 2762 lacunam
581 2699 662 2762 inter
688 2698 713 2778 ἕ.
736 2701 772 2762 21
805 2698 850 2763 ‘tv'
871 2699 970 2771 αὐτὸς
998 2699 1203 2784 μὴὲπιορκή-

99 2818 184 2859 cerev
208 2803 240 2860 et
254 2795 280 2876 ἓ.
297 2800 337 2861 33
360 2797 438 2876 λέγει
458 2796 528 2873 δ’ὡς
550 2799 649 2863 uerba
671 2821 741 2864 esse
763 2806 865 2864 ortam
887 2821 928 2863 ex
949 2800 1017 2863 loco
1032 2797 1204 2882 posteriore

99 2896 279 2979 concludat,
301 2904 430 2982 tamque
452 2899 600 2982 cupidum
622 2899 805 2964 remouendi
827 2897 976 2964 orationis
991 2899 1203 2979 difficultates,

99 3001 133 3058 ut
155 2998 288 3079 expleat
308 2999 455 3062 lacunam
478 3006 510 3062 et
530 3000 629 3063 uerba
651 2999 808 3082 quaedam
825 3021 1062 3086 superuacanea
1078 2999 1203 3079 adiciat,

99 3115 158 3159 nec
173 3104 281 3161 tamen
297 3120 403 3162 secum
419 3105 577 3184 reputare,
600 3120 695 3182 quarn
718 3101 814 3164 faciat
835 3102 942 3187 inepte
965 3106 1060 3184 atque
1082 3100 1203 3179 inscite,

101 3197 188 3279 quod
217 3199 315 3262 uerba
349 3201 521 3264 orationem
556 3202 735 3287 supplentia
775 3203 927 3287 pleraque
963 3203 1017 3265 alii
1052 3201 1205 3264 attribuat

101 3302 200 3381 atque
229 3298 405 3385 Chrysippo
434 3308 507 3364 ante
536 3322 574 3364 ea
607 3309 639 3366 et
670 3309 741 3388 post
774 3324 812 3366 ea
845 3302 969 3366 dicenti.
1012 3302 1083 3375 Qua
1111 3302 1142 3364 in
1170 3321 1203 3363 re

101 3402 209 3460 utrum
225 3400 324 3479 magis
342 3401 382 3463 sit
399 3401 644 3487 uituperandum
659 3403 777 3486 ignoro,
796 3402 879 3488 quod
894 3402 1064 3465 demandet
1078 3402 1204 3465 omnino

102 3495 211 3560 rhetor
232 3499 285 3563 ille
307 3500 406 3564 uerba
429 3501 492 3582 alii,
522 3522 564 3564 an
586 3495 670 3585 quod
692 3522 893 3587 nequaquam
916 3503 974 3566 sibi
998 3508 1126 3583 constet,
1150 3500 1204 3564 sed

102 3585 197 3660 modo
219 3599 302 3662 hunc
323 3600 415 3663 modo
438 3600 649 3687 Chrysippum
677 3602 773 3666 faciat
801 3602 965 3666 dicentem.
1009 3602 1099 3665 Adde
1122 3601 1204 3684 quod

103 3699 293 3762 senteutiam
321 3721 410 3763 suam
438 3701 627 3765 Duncherus
654 3703 713 3767 nisi
742 3703 922 3767 coniciendo
944 3741 984 3748 —
1007 3702 1204 3766 scribendum

104 3797 189 3859 enim
217 3806 309 3883 putat
331 3821 399 3863 esse
427 3803 459 3863 in
488 3800 515 3881 ξ.
538 3804 579 3864 20
609 3804 763 3888 εἰρηκέναι
791 3813 902 3865 ταῦτα
931 3803 1009 3890 πρὸς
1037 3804 1204 3874 τούτοις

105 3916 161 3977 pro
180 3909 303 3962 τοῦτον
317 3936 359 3954 -.-
375 3901 528 3965 sustinere
547 3923 608 3965 non
627 3909 737 3988 potest.
757 3941 797 3949 —
817 3904 975 3989 Sequitur,
990 3911 1025 3967 ut
1041 3903 1205 3967 audiamus

191 4130 210 4194 ¹)
228 4134 289 4185 diss.
308 4150 333 4200 q.
352 4134 367 4185 i.
392 4135 475 4199 „inter
493 4135 659 4202 priuatarum
677 4153 817 4190 causarum
836 4138 968 4190 orationes
986 4138 1206 4190 Demosthenicas

107 4239 176 4289 quae
202 4241 250 4291 pro
277 4225 399 4293 genuinis
425 4226 566 4279 habendae
592 4228 644 4279 sint
671 4245 793 4295 quaeque
819 4245 867 4296 pro
895 4226 994 4293 falsis“,
1021 4229 1206 4296 Greiffcnherg

108 4313 363 4378 (Pommernl1877,
382 4334 443 4384 pag.
463 4315 494 4368 12
511 4335 588 4390 prxx.

1040 4419 1056 4471 2
