2854 4960
671 412 879 472 „24-

226 593 349 658 XVIII.
371 596 431 656 215
462 597 501 668 εἰς
529 601 588 667 τὰς
614 596 713 668 οἰκίας
742 598 795 654 καὶ
824 596 862 654 τὸ
892 595 987 666 ἃοτο,
1018 615 1087 658 eam
1116 593 1202 657 haud
1232 594 1326 657 dubie

226 695 266 768 ob
294 715 421 757 eausam
450 694 579 758 exhibet
601 695 777 774 articulum,
807 694 888 775 quod
917 695 998 756 inter
1027 689 1112 754 οἷοτο
1134 694 1326 758 uocabulum

227 804 257 859 et
290 798 329 869 εἰς
363 794 627 879 praepositionem
660 796 810 857 nonnulla
843 795 942 869 uerba
975 801 1048 857 sunt
1081 794 1257 857 interiecta.
1285 832 1326 839 —

226 896 299 959 Sine
321 895 552 978 praepositione
575 899 662 954 οἵστο
680 895 912 958 substantqum
934 895 982 957 his
1005 895 1139 978 positum
1163 902 1212 957 est
1233 895 1326 958 Ioois:

224 996 347 1059 XVIII.
367 997 428 1058 300
450 996 522 1077 οὐχὶ
544 996 603 1055 τὸν
625 997 741 1056 κύκλον
763 1006 824 1055 τοῦ
848 999 997 1080 Πειραιῶς
1021 997 1094 1068 οὐδὲ·
1116 1002 1178 1056 τοῦ
1201 993 1326 1068 α”στεως

226 1103 257 1160 et
278 1096 379 1159 LVII.
397 1097 434 1158 10
449 1102 511 1154 τοῦ
529 1095 588 1181 γὰρ
608 1095 708 1174 δήμου
729 1097 802 1173 ἡμῖν
819 1094 913 1158 πέντε
934 1096 987 1155 καὶ
1003 1094 1180 1176 τριάκοντα
1200 1095 1344 1160 στάδια,

224 1207 285 1258 τοῦ
308 1193 430 1269 ἄστεως
454 1196 642 1277 ἀπέχοντος.

306 1296 389 1359 Illud
411 1296 505 1358 etiarn
536 1293 820 1357 aDomosthenioa
842 1295 958 1357 recedit
980 1294 1214 1373 consuetudine,
1242 1293 1327 1376 quod

225 1403 254 1458 οῖ
275 1401 305 1460 ἐν
326 1394 392 1477 [τῷ]
414 1392 507 1456 ἄστει
526 1395 631 1457 uerbis
652 1394 809 1457 adiectum
831 1401 878 1457 est
894 1395 1093 1480 participium
1114 1398 1325 1468 οἰκοῦντεςε

223 1499 322 1562 utitur
348 1499 429 1560 eninr
457 1518 596 1559 summus
623 1501 727 1558 orator
753 1500 783 1555 ot
809 1498 840 1557 ἐν
863 1493 959 1556 ἀότει
985 1493 1151 1580 (Πειραιεῖ)
1177 1500 1209 1558 et
1237 1498 1268 1554 οἱ
1295 1497 1327 1568 ἐξ

224 1596 344 1671 ἄστεως
371 1595 415 1674 (ἐκ
438 1594 599 1679 Πειραιῶς)
621 1595 727 1658 uerbis
749 1595 912 1680 partieipio
934 1595 1041 1658 addito
1063 1595 1160 1674 nullo,
1190 1595 1227 1657 of.
1251 1593 1327 1656 XX.

226 1702 259 1760 11
292 1698 344 1758 ἐπὶ
372 1698 447 1770 τοὺς
477 1697 508 1758 ἐν
529 1699 678 1778 Πειραιεῖ,
710 1698 748 1757 12
775 1698 850 1768 τοὺς
880 1697 909 1768 ἐξ
940 1691 1073 1770 ἄστεως,
1105 1696 1163 1757 149
1193 1707 1263 1767 τοῖς
1294 1697 1327 1756 ἐν

223 1802 363 1879 Πειραιεῖ
384 1807 445 1857 τοῦ
469 1796 580 1875 δήμου,
603 1794 743 1858 XXIIII.
768 1798 825 1858 134
849 1804 910 1856 τῶν
934 1797 965 1855 εἰι
988 1800 1149 1880 Πειραιῶς,
1173 1795 1212 1857 ai.

306 1897 399 1960 Ibin:
431 1909 691 1957 καταπατεῖν
724 1896 857 1959 uerbum
887 1918 948 1958 non
977 1881 1081 1958 exstat
1109 1895 1168 1958 nisi
1196 1896 1229 1958 in
1261 1917 1327 1958 una

223 1998 363 2060 oratione
385 1995 607 2059 Demosthenis
629 1997 746 2059 nomini
768 1997 848 2059 falso
872 1995 1006 2075 addicta,
1028 1993 1124 2075 [VII]
1147 1998 1196 2058 45.

306 2106 332 2185 ξ.
353 2109 407 2168 39;
436 2108 591 2178 ὁσῖτος
615 2105 855 2181 ἑπετιμήῖιηῑ
884 2104 921 2166 ef.
944 2126 987 2167 or.
1015 2100 1074 2183 [Ia]
1099 2107 1117 2164 6
1140 2107 1269 2184 ὁρῶντες
1293 2108 1327 2166 ἐν

221 2215 266 2289 τῷ
279 2211 418 2288 Πειραιεῖ
439 2205 498 2268 τὸν
517 2217 611 2266 σῖτον
631 2205 876 2284 ἐπιτιμώμενον.
915 2207 1087 2282 Ἐπιτιμᾱν
1106 2203 1196 2266 uerbi
1219 2224 1327 2287 neque

221 2307 353 2369 formam
383 2305 543 2390 passiuam
571 2325 674 2388 neque
702 2325 773 2366 eam
802 2324 884 2384 quae
912 2303 961 2365 his
989 2303 1064 2366 Ioois
1093 2309 1197 2365 exstat
1228 2303 1326 2386 signi·
1421 2363 1422 2396 ρ

221 2407 406 2486 ficationem,
426 2426 516 2489 *quae
545 2411 592 2467 est
623 2405 777 2489 „pretium
806 2404 938 2466 alieuius
966 2404 1011 2465 rei
1041 2403 1161 2483 efferre,
1190 2403 1326 2468 nimium

221 2507 356 2590 pretium
372 2513 509 2569 statuere
525 2506 618 2569 alioui
638 2504 712 2584 rei“,
731 2525 865 2586 usquam
884 2504 959 2567 alibi
975 2503 1059 2588 apud
1075 2504 1325 2568 Demosthenem

221 2609 366 2691 reperies
430 2591 619 2691 Saepissime
656 2607 760 2668 aetina
797 2606 930 2668 oeonrrit
966 2606 1066 2668 forma
1102 2604 1326 2686 significatque

224 2708 479 2793 „reprehendere,
503 2707 670 2789 obiurgare
693 2704 838 2784 (simil.)“,
865 2707 902 2767 rs.
924 2706 948 2767 I.
972 2708 1018 2786 16,
1041 2705 1081 2769 V.
1101 2708 1129 2784 2,
1153 2703 1249 2785 [VII]
1274 2709 1326 2787 22,

220 2809 327 2872 VIIII.
349 2811 397 2886 39,
428 2806 524 2887 [XII]
548 2810 577 2886 2,
602 2811 628 2884 7,
658 2805 770 2886 [XIII]
797 2811 821 2882 1,
844 2809 892 2884 30,
921 2806 1043 2868 XVIII.
1066 2808 1115 2884 64,
1143 2805 1218 2885 (74),
1248 2807 1326 2888 (73),

223 2913 290 2989 102,
315 2912 381 2989 133,
404 2912 473 2987 200,
497 2911 568 2988 294,
590 2907 729 2970 XVIIII.
754 2909 821 2985 132,
851 2906 922 2968 XX.
948 2909 1014 2986 116,
1040 2909 1107 2986 148,
1136 2905 1226 2967 XXI.
1252 2907 1324 2988 134,

221 3009 366 3090 [XXVI]
392 3012 439 3090 19,
463 3006 623 3088 [XXXV]
647 3011 695 3085 40,
725 3005 800 3086 [ΙΑ,]
828 3010 874 3087 10,
898 3007 1000 3068 LIIII.
1024 3009 1052 3087 6,
1075 3009 1123 3086 26,
1146 3005 1247 3069 LVII.
1271 3011 1324 3087 33,

221 3109 329 3191 [LXI]
353 3114 382 3189 8,
412 3105 571 3191 [prooem]
602 3133 626 3181 ς,
654 3112 710 3179 ΙΑ,
732 3110 785 3179 ln,
810 3111 878 3179 KA,
910 3111 975 3176 ΚΓ,
999 3111 1054 3179 Κς,
1080 3109 1149 3176 ΚΗ,
1172 3107 1231 3167 ΚΘ
1262 3107 1322 3188 bio,

221 3217 287 3285 ΛΑ,
307 3214 362 3271 ΛΕ
385 3211 441 3289 bie,
462 3213 529 3282 NF,
553 3206 665 3292 [epist]
687 3208 711 3269 I.
734 3212 763 3287 8,
786 3208 825 3269 II.
851 3212 897 3284 11,
922 3210 968 3285 19,
990 3207 1047 3268 III.
1073 3210 1098 3284 1,
1121 3209 1148 3286 7,
1174 3209 1220 3268 19.

302 3311 393 3374 Ibid.:
421 3310 653 3372 substantiuum
675 3309 843 3370 οιτονῖα
867 3308 953 3371 nullo
976 3309 1037 3370 alio
1061 3308 1128 3370 loeo
1151 3309 1182 3370 in
1205 3307 1323 3372 Demo-

219 3413 337 3475 sthenis
360 3412 505 3495 operibus
527 3410 599 3491 legi.

302 3511 327 3590 ξ.
351 3514 404 3574 4οε
435 3511 692 3588 ἀποβάλλειν
720 3510 851 3572 uerbum
882 3531 901 3571 a
923 3509 1135 3572 Demosthene
1158 3509 1225 3591 ipso
1248 3531 1322 3572 nus·

219 3633 312 3694 quam
346 3618 393 3674 est
425 3610 609 3673 adhibitum.
664 3609 767 3672 Semel
800 3615 905 3671 exstat
938 3610 969 3671 in
1003 3609 1135 3692 epistola
1169 3608 1321 3694 Philippi,

219 3734 299 3796 quae
321 3713 402 3774 inter
429 3711 585 3774 orationes
609 3709 867 3772 Dornosthenioos
890 3709 1108 3772 duodecimum
1135 3709 1238 3772 Iocum
1266 3711 1321 3773 ob-

217 3813 304 3892 tinet,
328 3809 424 3892 [ΧΠ]
451 3814 497 3873 17.

301 3912 326 3992 ἓ.
358 3917 411 3974 41;
449 3912 639 3974 adieetiuurn
673 3909 889 3993 ἀβέλτερος
923 3911 971 3973 bis
1006 3910 1170 3994 usurpauit
1202 3909 1319 3974 Demo-

217 4013 353 4094 sthenes⁷
369 4035 412 4076 or.
427 4012 533 4074 VIIII.
552 4016 589 4073 14
612 4013 664 4068 καὶ
686 4009 745 4092 γὰρ
768 4007 809 4070 oin
832 4011 1090 4094 ἀβελτερώτατος
1113 4011 1156 4080 εἰἰῑ
1181 4011 1319 4072 πάντων

217 4116 394 4197 ἀνθρώπων
424 4120 455 4176 et
484 4111 622 4174 XVIIII.
652 4113 712 4171 338
742 4109 836 4188 μηδὲν
865 4115 950 4188 τ’·μεῐς
980 4109 1149 4184 ἀβέλτερον
1178 4108 1317 4182 πάθητε.

215 4215 387 4276 Praeterea
421 4234 583 4296 compares
620 4210 740 4294 spurios
773 4208 829 4271 hos
859 4210 951 4285 locos,
990 4231 1031 4271 or.
1069 4206 1177 4288 [LXII
1215 4212 1252 4270 14
1287 4218 1318 4272 ot

217 4312 376 4400 [prooem]
401 4319 475 4374 ΜΒ.
