2854 4960
658 403 865 465 ,28-

212 596 396 671 συγγραφῆς
419 585 590 663 ἐπάναγκες
614 587 812 660 ἐντίθεσθαι,
841 588 859 648 9
885 596 946 647 τοῦ
969 573 1145 668 ναυκλήρου
1171 587 1317 648 κελεύον-
1417 636 1418 661 ,

210 710 265 760 τος
289 684 391 747 αὐτὸν
413 683 502 746 κατὰ
523 681 582 757 τίην
604 686 792 769 συγγραφὴν
814 687 1004 748 ἐντίθεσθαι
1026 686 1070 748 τὰ
1094 687 1318 773 ἀγοράσματα

212 784 425 848 -ἐνθέσθαι
447 787 488 859 εἰς
509 810 538 845 τ.
556 811 583 848 ν.
600 784 723 870 τὰχρ,
749 787 787 848 10
807 780 878 846 οὔτ’
899 783 1025 847 ἐνέθετο
1046 787 1087 860 εἰς
1107 809 1137 846 τ.
1158 810 1184 848 ν.
1207 784 1316 857 οὐδέν,

214 887 249 948 11
274 879 328 944 ὅτι
354 879 429 944 οὔτε
457 883 502 945 τὰ
528 910 575 971 χρ.
599 882 729 948 ἐνθοιτο
752 886 793 960 εἰς
814 909 844 947 τ.
867 909 896 947 ν.
919 885 1006 948 κατὰ
1031 885 1088 958 τὴν
1111 884 1316 971 συγγραφήν,

214 988 252 1049 16
281 979 357 1044 οὔτε
387 982 432 1045 τὰ
459 1008 508 1068 χρ.
536 986 739 1046 ἐντεθεῖσθαι
767 994 900 1060 τοῦτον,
934 985 971 1047 17
1002 978 1055 1046 ὅτι
1083 980 1158 1046 οὔτε
1186 984 1233 1046 τὰ
1263 1007 1313 1066 χρ.

212 1082 344 1150 ἔνθοιτο
368 1084 408 1158 είς
430 1109 460 1144 τ.
483 1108 521 1158 ν.,
550 1086 590 1148 20
613 1080 688 1145 οὔτε
714 1083 759 1146 τὰ
783 1107 832 1168 χρ.
856 1085 959 1147 αὐτὸν
981 1085 1133 1148 ἐνθέσθαι
1151 1082 1195 1160 ἐἰς
1217 1108 1250 1144 τ.
1275 1106 1318 1156 ν.,

212 1186 252 1247 22
275 1185 331 1243 οὐκ
353 1183 516 1265 ἐνθέμενος
543 1186 584 1258 εἰς
606 1207 636 1248 τ.
660 1209 685 1247 ν.
707 1184 754 1247 τὰ
781 1209 840 1270 χρ,
867 1186 906 1247 27
931 1188 986 1247 οὐκ
1009 1187 1169 1266 ἐνθέμενος
1195 1183 1241 1246 τὰ
1265 1208 1316 1270 χρ.

212 1286 253 1358 εἰς
274 1306 305 1344 τ.
321 1307 348 1346 ν.
367 1280 455 1342 κατὰ
476 1283 535 1358 τὴν
553 1285 750 1370 συγγραφήν,
769 1284 808 1348 33
831 1283 987 1346 ἐνθέσθαι
1007 1285 1250 1368 τάγοράσματα
1274 1284 1318 1360 είς

212 1409 242 1446 τ.
258 1410 285 1448 ν.
301 1419 342 1432 -
361 1383 406 1446 τὰ
428 1409 475 1471 χρ.
498 1388 554 1446 οὐκ
577 1383 799 1463 ἐνθέμενος-
818 1384 862 1456 τὰ
880 1409 928 1471 χρ.
952 1383 1104 1448 ἐνθέσθαι
1120 1386 1161 1458 είς
1179 1410 1210 1447 τ.
1229 1410 1256 1448 ν.
1273 1423 1318 1432 -

212 1483 267 1544 διὰ
288 1483 328 1543 τὸ
356 1484 450 1564 μηδὲν
469 1484 634 1560 ἐνθέσθαι,
658 1486 698 1548 34
718 1488 756 1561 ὡς
780 1486 995 1566 ἐντεθειμένος
1017 1486 1062 1547 τὰ
1083 1508 1131 1571 χρ.
1155 1487 1196 1558 εἰς
1219 1511 1242 1546 τ
1275 1513 1318 1561 ν.,

167 1587 168 1592 '
213 1585 254 1647 40
276 1579 352 1646 σι’ίτε
374 1583 419 1644 τὰ
442 1583 563 1669 φορτία
585 1583 753 1665 ἐνθέμενον
775 1592 897 1647 τοῦτον
918 1585 959 1658 είς
980 1584 1038 1658 τὴν
1060 1593 1149 1647 ναῦν.

296 1690 340 1776 ἕξ.
363 1695 381 1755 8
404 1692 598 1769 καταλαβὼν
614 1703 677 1756 τῶν
695 1695 837 1780 φορτίων
855 1693 898 1756 ἀν
918 1691 970 1775 ἦγε
995 1693 1116 1765 πολλὴν
1133 1694 1318 1781 ἀπρασίαν,

213 1795 253 1856 22
277 1791 443 1878 ἀπρασίαν
464 1801 525 1853 τῶν
548 1795 690 1878 φορτίων
712 1794 897 1874 κατέλαβεν.

297 1890 342 1972 ἐξ.
367 1895 401 1955 11
426 1896 534 1976 τούτῳ
556 1892 615 1978 γὰρ
637 1893 804 1978 προςέχετε
826 1891 886 1955 τὸν
907 1902 995 1968 νοῦν,
1018 1894 1058 1956 23
1080 1893 1120 1956 id.

296 1990 340 2072 ἓξ.
364 1993 400 2055 11
426 1985 479 2051 ὅτι
502 1988 577 2052 οὔτε
596 1990 635 2053 τὸ
657 1995 791 2078 χρυσίον
810 1992 941 2075 εἰληφὼς
963 1991 1016 2067 ε’ίη,
1037 1996 1075 2057 14
1097 1997 1134 2070 ὡς
1155 1996 1318 2078 ἀπείληφε

212 2095 252 2154 τὸ
275 2118 335 2177 χρ,
360 2093 399 2155 16
426 2086 501 2153 οὔτε
530 2092 570 2152 τὸ
592 2117 641 2175 χρ.
665 2092 876 2176 ἀπειληφέναι
895 2131 936 2139 -
955 2094 1166 2176 ἀπειληφέναι
1190 2096 1231 2156 τὸ
1255 2119 1319 2178 χρ.,

214 2194 254 2257 20
280 2184 356 2254 οὔτε
385 2193 424 2252 τὸ
453 2217 501 2276 χρ.
530 2188 592 2275 ἐφη
623 2192 843 2274 ἀπειληφέναι,
870 2194 908 2256 41
938 2196 977 2267 ὡς
1007 2195 1063 2254 οὐκ
1091 2189 1248 2276 ἀπείληφε
1275 2197 1318 2258 τὸ

213 2319 273 2379 χρ,
296 2294 336 2355 46
352 2285 404 2352 ὅτι
419 2293 477 2352 οὐκ
493 2286 555 2375 ἐφη
571 2292 785 2372 ἀπειληφέναι
799 2294 838 2353 τὸ
853 2319 901 2378 χρ.
914 2292 1177 2376 -ἀπειληφέναι
1198 2295 1238 2355 τὸ
1255 2320 1319 2380 χρ,

215 2394 253 2455 47
278 2397 315 2469 ὡς
338 2393 395 2452 οὐκ
423 2391 579 2473 ἀπείληφε
600 2393 639 2453 τὸ
662 2416 711 2476 χρ.
730 2427 760 2436 -ν
789 2396 828 2468 ὡς
850 2395 907 2454 οὐκ
931 2393 1096 2475 ἀπείληφε,
1119 2394 1159 2455 49
1182 2389 1236 2455 ὅτι
1258 2397 1319 2457 οὐκ

215 2493 370 2576 ἀπείληφε
392 2491 431 2553 τὸ
453 2493 595 2575 χρυσίον.

297 2588 342 2670 ἐξ.
371 2592 409 2654 13
438 2591 713 2675 προςκαλεσαίμην
733 2627 772 2637 —-
793 2592 1080 2678 προςεκαλεσάμην,
1115 2594 1153 2656 14
1181 2617 1319 2679 προςκα·

214 2690 353 2775 λουμένῳ
365 2728 405 2737 -
418 2693 597 2778 προςκαλεῖ,
621 2693 659 2754 15
682 2695 860 2776 πρσςκαλεῖ.

297 2789 341 2871 ἐξ.
366 2794 404 2854 14
425 2779 541 2865 ἀείκὸς
563 2789 611 2866 ἦν,
635 2793 673 2855 15
695 2791 802 2854 καίτοι
822 2791 900 2866 εἰκός
917 2797 946 2877 γ’
962 2793 1009 2869 ἦν,
1033 2796 1073 2857 40
1092 2797 1148 2855 οὐκ
1170 2793 1249 2868 εἰκὸς
1270 2794 1327 2866 ἦν.

297 2889 342 2970 §§.
366 2892 405 2954 14
428 2892 525 2953 εἰπεῖν
537 2926 578 2935 —-
590 2891 657 2953 είπε
669 2927 703 2934 --
721 2894 831 2968 εἰπεῖν,
857 2894 894 2957 15
917 2895 1015 2956 εἰπεῖν
1027 2930 1065 2940 -
1079 2893 1173 2956 εἶπεν.

297 2989 324 3071 ἓ.
348 2993 386 3055 10
408 2991 447 3051 τὸ
470 2989 608 3073 ἔγκλημα
627 2987 645 3050 ἀ
667 2988 785 3076 ’ἐλαχον
797 3002 952 3054 -τοῦτσ
967 2992 1007 3055 τὸ
1023 2989 1160 3078 ἐγκλημα
1183 2989 1316 3076 ἐλαχον.

298 3098 343 3180 ἐξ
360 3103 398 3166 18
420 3109 588 3184 μαρτυρεῖν
606 3096 626 3160 ὅ
640 3124 674 3160 τι
690 3100 893 3176 βούλοιτο-
905 3102 1080 3187 ἐμαρτύρει,
1098 3103 1136 3164 19
1151 3100 1196 3162 τὰ
1217 3103 1318 3180 ψευδῆ

215 3213 385 3286 μαρτυρεῖν
398 3211 519 3273 -τοῖς
540 3197 585 3259 τά
607 3201 705 3276 ψευδῆ
728 3209 998 3287 μαρτυροῦσιν-
1009 3211 1226 3288 μαρτυροῦσιν
1250 3197 1318 3262 ὅτι

215 3292 256 3362 ἀν
278 3299 470 3381 βούλωνται,
493 3301 534 3363 20
555 3299 600 3362 τὰ
626 3300 726 3376 ψευδῆ
748 3307 919 3385 μαρτυρῶν,
943 3302 979 3363 2]
1009 3300 1108 3378 ψευδῆ
1135 3314 1316 3388 μαρτυρεῖν.

298 3396 342 3478 ἐξ.
367 3401 405 3462 18
432 3398 636 3485 μερισάμενος
667 3399 707 3459 τὸ
736 3399 810 3480 ἐμὸν
836 3402 978 3484 χρυσίον,
1008 3403 1049 3465 35
1079 3401 1183 3474 ἐπειδὴ
1214 3399 1248 3462 δέ
1276 3401 1317 3462 τὸ

215 3501 347 3585 χρυσίον
368 3499 491 3578 τούμὸν
513 3500 690 3580 ἐμερίσατο.

298 3596 343 3678 ἐξ.
365 3600 405 3662 20
434 3596 586 3678 ὡμολόγει
612 3601 668 3680 μὲν
695 3601 844 3684 εἰρηκέναι
871 3608 984 3662 ταῦτα
1009 3601 1087 3687 πρὸς
1115 3609 1250 3676 τοῦτον,
1278 3605 1317 3663 οὐ

217 3700 327 3782 μέντοι
354 3723 388 3782 γε
417 3699 505 3774 ἐντὸς
535 3696 577 3761 (ἐν
606 3701 709 3762 εἰπεῖν
731 3701 846 3774 αὑτοῦ,
874 3702 914 3764 35
943 3704 1000 3762 οὐκ
1029 3701 1116 3776 ἐντὸς
1145 3697 1187 3762 ἀν
1210 3704 1317 3762 αὑτοῦ

216 3811 314 3881 φησιν
336 3796 568 3862 εἰπεῖν-τότ’
591 3801 678 3875 ἐντὸς
708 3800 789 3862 εἶναί
812 3811 911 3883 φησιν
934 3806 1048 3875 αὑτοῦ,
1071 3803 1110 3864 49
1138 3803 1237 3862 εἰπεῖν
1260 3800 1317 3880 μὲν

145 3891 148 3897 ’
216 3899 438 3982 ὡμολόγει,οά
462 3899 572 3983 μέντοι
594 3904 622 3984 γ’
645 3902 733 3977 ἐντὸς
757 3894 800 3964 (ἀν
823 3904 927 3963 αὑτοῦ
943 3903 1049 3965 εἰπεῖν.

298 3998 343 4079 ἐξ.
359 4001 395 4062 21
415 4002 471 4061 οὐκ
494 3998 619 4080 ἀπέγνω
635 4007 688 4076 τῆς
711 4000 799 4072 δίκης
811 4038 852 4047 -
865 4011 1066 4085 καταγνῶναι
1078 4037 1120 4048 -
1131 4001 1317 4077 ἀπογνῶναι

214 4107 267 4174 τῆς
295 4100 389 4182 δίκης,
412 4101 452 4164 45
481 4103 507 4161 εἰ
534 4103 550 4160 ὁ
574 4103 613 4162 Θ.
638 4100 762 4184 ἀπέγνω
792 4113 848 4177 τῆς
875 4100 1160 4185 ἀίκης-γνόντος
1189 4108 1251 4162 τοῦ
1275 4103 1316 4165 Θ.

216 4199 346 4262 ἀπιέναι
368 4201 584 4281 ἡμᾶς-ἔγνω
608 4198 830 4263 ἀπιέναι-εί
851 4203 1046 4283 ἀπογνοίητε
1068 4209 1124 4275 τῆς
1146 4201 1237 4275 δίκης.
1304 4247 1308 4256 .

298 4296 343 4379 ἐξ.
365 4301 404 4363 27
432 4300 463 4373 ἐξ
483 4302 578 4385 ἀρχῆς
602 4299 707 4375 εὐθύς,
730 4302 770 4364 33
793 4302 886 4375 εὐθὺς
913 4301 943 4375 ἐξ
966 4304 1073 4389 ἀρχῆς,
1095 4301 1185 4374 4οἐξ
1208 4301 1316 4385 ἀρχῆς.
