2854 4960
596 397 879 468 Ι--14-

313 589 339 668 β.
362 592 396 652 5:
419 587 618 671 δάνεισμα
640 588 839 668 uocabulum,
862 586 944 668 quod
965 586 1082 670 legitur
1099 586 1131 648 in
1145 583 1189 665 βξ.
1205 587 1222 647 5
1237 590 1266 647 et
1282 587 1328 646 29

229 690 259 752 h.
276 711 326 770 on,
348 711 367 752 a
381 688 593 753 Demosthene
609 689 706 751 semel
722 693 769 750 ast
783 693 979 769 usurpatum,
995 685 1033 748 cf.
1048 707 1090 749 on
1108 683 1273 748 XXXVII.
1290 686 1330 762 43

229 795 395 875 praeterea
411 794 516 853 exstat
535 787 583 851 his
602 789 692 852 Ioaifl:
717 784 876 867 [XXXV.]
893 789 922 867 9,
938 789 987 866 41,
1002 781 1258 866 [XXXXVIIHJ
1275 785 1330 862 12,

230 887 350 970 [LVI.]·
363 893 388 969 1,
410 892 438 968 6,
459 891 509 952 35.

227 986 229 990 ’
312 989 402 1052 Ibid.:
417 988 570 1071 singulari
585 987 868 1069 Demosthennque
883 985 1101 1050 consuetudini
1116 1007 1242 1071 prorsus
1256 1005 1329 1048 con-

229 1089 326 1154 traria
341 1089 381 1153 ad
396 1089 609 1153 narrationem
623 1087 808 1152 transeundi
821 1087 941 1150 ratione
955 1087 1055 1150 utitur
1072 1086 1166 1150 hqus
1181 1086 1332 1151 orati0nis
1409 1123 1410 1130 ι

229 1196 347 1270 auctor,
377 1210 448 1254 cum
483 1189 571 1254 dicit:
609 1189 811 1271 ,αναγκαῖον
847 1189 876 1248 δ’
902 1188 973 1250 ἐστὶ
1005 1190 1157 1272 βραχέα
1188 1194 1258 1248 τῶν
1290 1187 1331 1257 ἐξ

230 1293 276 1373 ἀρ
284 1299 350 1373 χῆς
378 1290 595 1369 διηγήσασθαι
615 1289 712 1368 ὑμῐν“
743 1308 887 1366 ,neeesse
914 1292 1021 1351 autem
1048 1292 1095 1351 est
1115 1285 1206 1351 uobis
1227 1307 1332 1370 pauca

230 1412 270 1454 ax
293 1391 346 1470 aia,
373 1410 456 1475 quae
484 1389 524 1452 ab
552 1389 640 1452 initio
668 1393 740 1451 acta
768 1394 848 1467 sunt,
876 1386 1027 1451 narrari“.
1070 1387 1219 1451 Summus
1246 1385 1329 1450 anim

230 1498 333 1555 orator
367 1491 406 1554 ad
439 1489 651 1553 narrationem
683 1487 835 1551 accedens
864 1493 986 1551 tantum
1019 1488 1108 1551 abest
1140 1493 1177 1551 ut
1207 1493 1331 1570 partam

229 1613 333 1655 rerum
356 1591 396 1654 ab
418 1590 506 1654 initio
526 1595 687 1672 gestarum
710 1609 743 1652 sa
768 1595 968 1652 narraturum
991 1609 1060 1652 esse
1082 1588 1272 1673 pronuntiet,
1293 1595 1332 1651 ut
1409 1591 1410 1594 ’

229 1691 316 1756 haud
336 1691 549 1776 semelplane
577 1697 673 1775 atque
700 1689 816 1752 diserta
844 1688 929 1752 dicat
950 1689 1055 1752 omnia
1082 1709 1116 1752 aa
1138 1709 1207 1753 asse
1228 1690 1332 1772 prola·
1409 1733 1410 1756 ι

230 1800 335 1855 αιτιοι
357 1792 398 1855 ab
420 1791 529 1854 ultimo
551 1791 647 1871 initio,
670 1789 708 1852 af.
730 1811 788 1853 orn
810 1788 898 1853 XXI.
923 1792 961 1852 12
983 1785 1126 1850 ἕκαστον
1148 1791 1206 1850 ἀπ’
1234 1792 1331 1876 ἀρχῆς
1409 1773 1410 1852 I

231 1893 272 1955 ὧν
301 1891 453 1954 πέπονθα
487 1889 655 1964 ἐπιδείξας,
689 1890 727 1951 VI
758 1889 915 1969 βούλομαι
950 1889 987 1962 δὴ
1020 1891 1075 1950 καὶ
1107 1889 1178 1973 περὶ
1209 1890 1331 1961 ταύτης

229 1996 304 2072 υμῖν
325 1992 357 2066 ἐξ
386 1993 480 2077 ἀρχῆς
509 1993 619 2062 εἰπεῖν,
649 1987 788 2052 XXIIII.
813 1991 851 2052 10
872 1989 902 2062 ἐξ
931 1991 1027 2074 ἀρχῆς
1057 1987 1115 2050 οὖν
1138 1989 1170 2051 ἐν
1198 1986 1332 2072 βραχέσι

229 2094 275 2154 τὰ
296 2089 489 2178 πραχθέντα
517 2091 614 2170 δίειμι
642 2089 718 2175 πρὸς
746 2093 840 2170 ὑμᾶς,
870 2088 1022 2152 XXXVI.
1044 2091 1063 2152 3
1085 2091 1116 2164 ἐξ
1133 2091 1243 2176 Ιοἰρχῆς
1273 2088 1332 2151 οὖν
1409 2091 1410 2106 ’

230 2189 367 2254 άπαντα
388 2191 434 2252 τὰ
456 2189 719 2276 πραχθέντα
743 2195 781 2264 ὡς
810 2183 850 2253 άν
873 2191 1017 2270 δύνωμαι
1039 2188 1094 2252 διὰ
1115 2189 1332 2275 βραχυτάτων

230 2293 330 2353 εἰπεῖν
351 2289 556 2376 πειράσομαι,
574 2287 625 2368 (cf.
640 2287 666 2368 ξ.
686 2293 724 2354 18
738 2289 784 2350 τὰ
801 2293 855 2370 μὲν
877 2289 935 2352 οὖν
950 2287 1159 2375 πεπραγμένα
1181 2289 1211 2361 ἐξ
1235 2290 1331 2374 ἀρχῆς

231 2387 366 2452 ἅπαντα
396 2386 573 2470 ἀκηκόατε),
595 2388 766 2453 XXXVII.
789 2392 808 2453 3
831 2389 862 2463 ἐξ
887 2391 983 2474 ἀρχῆς
1013 2391 1053 2463 δ’,
1077 2392 1114 2463 ὡς
1144 2385 1185 2450 άν
1208 2387 1273 2463 οἶός
1295 2411 1332 2450 τε

229 2489 261 2565 ὦ,
283 2489 339 2550 διὰ
361 2489 575 2574 βραχυτάτων
598 2483 734 2552 ἅπαντα
760 2491 807 2552 τὰ
829 2488 1021 2573 πραχθέντα
1044 2490 1232 2571 διηγήσομαι
1253 2489 1333 2572 πρὸς

229 2595 320 2667 ὑμᾶς,
336 2589 475 2653 LIIII.2
497 2589 529 2663 ἐξ
552 2591 649 2675 ἀρχῆς
673 2592 701 2651 δ’
719 2593 756 2665 ὡς
778 2585 904 2651 ἕκαστα
926 2589 1123 2674 πέπρακται,
1145 2588 1334 2669 διηγήσομαι

230 2690 308 2775 πρὸς
330 2695 424 2770 ὑμᾶς,
440 2692 478 2764 ὡς
500 2685 525 2748 a*
531 2715 543 2748 ν
566 2687 629 2765 οἶός
652 2713 688 2750 τε
711 2689 734 2752 ὦ
757 2689 812 2750 διὰ
833 2687 1048 2772 βραχυτάτων
1070 2725 1111 2734 -
1133 2685 1333 2769 [ΧΧΧΧ.]5

230 2790 260 2862 ἐξ
291 2791 387 2874 ἀρχῆς
415 2793 498 2865 ὑμῖν,
530 2793 569 2864 ὡς
592 2781 634 2852 άν
656 2792 687 2851 ἐν
714 2785 933 2875 βραχυτάτοις
960 2788 1114 2868 δύνωμαι,
1141 2788 1334 2868 διηγήσομαι

229 2888 275 2949 τὰ
303 2887 504 2974 πραχθέντα,
527 2885 723 2968 [XXXXII.]
753 2891 772 2950 4
802 2890 833 2962 ἐξ
856 2889 952 2970 ἀρχῆς
982 2887 1010 2947 δ’
1029 2889 1102 2968 ὑμῖν
1130 2883 1267 2949 ἅπαντα
1289 2888 1334 2949 τὰ

229 2987 383 3066 γενόμενα
482 2989 682 3072 διηγήσομαι,
712 2984 922 3068 [XXXXIII.]
954 2989 967 3048 1
1002 2984 1123 3068 ἀνάγκη
1154 2986 1229 3062 ἰ’σως
1262 2987 1335 3048 ἐστὶ

228 3088 273 3149 τὰ
295 3089 475 3170 πραχθέντ’
499 3088 530 3161 ἐξ
553 3089 649 3169 ἀρχῆς
673 3089 901 3181 διηγήσασθαι,
924 3084 1118 3167 [XXXXV.]
1142 3089 1161 3149 2
1184 3086 1215 3160 ἐξ
1238 3087 1334 3172 ἀρχῆς

231 3189 258 3246 δ’
284 3191 322 3261 ὡς
345 3184 387 3248 οἲν
414 3186 479 3261 οἷός
501 3211 537 3248 τε
560 3185 583 3248 ὦ
613 3189 667 3250 διὰ
697 3187 913 3273 βραχυτάτων
941 3190 1041 3249 εἰπεῖν
1069 3186 1265 3271 πειράσομαι
1290 3188 1336 3249 τὰ

231 3286 450 3371 πεπραγμένα,
463 3284 690 3367 [XXXXVIL]
703 3288 722 3348 3
736 3286 968 3372 ἀκροάσασθαι
983 3287 1055 3372 περὶ
1069 3295 1130 3346 τοῦ
1144 3284 1335 3370 πράγματος
1408 3315 1409 3318 ’

231 3387 263 3459 ἐξ
294 3385 391 3470 ἀρχῆς
426 3382 574 3461 άπαντα,
607 3383 869 3467 [ΧΧΧΧἯΙΠ]
900 3388 919 3448 4
952 3383 1131 3463 ἀναγκαῖόν
1163 3409 1217 3463 μοι
1250 3386 1336 3448 δοκεῖ

231 3484 314 3548 εἶναι
336 3485 367 3559 ἐξ
391 3485 487 3571 ἀρχῆς
511 3482 647 3549 ἅπαντα
669 3486 886 3569 διηγήσασθαι
907 3489 993 3565 ὑμῖν,
1023 3481 1086 3564 [Ia]
1115 3486 1135 3546 2
1157 3486 1336 3564 ἀνοηκαῖον
1408 3519 1409 3566 χ

231 3584 268 3656 δή
284 3609 338 3664 μοι
358 3583 443 3646 δοκεῖ
464 3586 547 3648 εἶναι
569 3580 706 3649 ἅπαντα
728 3587 759 3659 ἐξ
782 3587 879 3670 ἀρχῆς
901 3586 1118 3665 διηγήσασθαι
1140 3586 1219 3666 πρὸς
1240 3588 1335 3665 ὑμᾶς,
1408 3607 1409 3664 ,

228 3675 281 3755 (cf.
293 3683 319 3764 ξ.
331 3686 368 3747 21
383 3685 437 3746 καὶ
452 3688 552 3746 ταῦθ’
568 3690 644 3766 ὑμῖν
659 3684 854 3768 διηγησάμην
870 3687 901 3759 ἐξ
915 3682 1034 3770 ἀρχῆς),
1049 3681 1176 3764 [LII.]2
1191 3685 1223 3759 ἒξ
1238 3686 1335 3771 ἀρχῆς

231 3787 258 3845 δ’
274 3790 349 3864 ὑμῖν
365 3786 564 3864 διηγήσομαι,
581 3781 738 3864 [LVIIII.]
758 3785 794 3845 17
809 3786 905 3844 τοῦθ’
920 3787 996 3862 ὑμῖν
1011 3784 1168 3862 βούλομαι
1190 3786 1221 3857 ἐξ
1236 3785 1336 3871 ἀρχῆς
1408 3791 1409 3802 ’

231 3886 363 3967 ἀκριβῶς
394 3883 557 3958 ἐπιδεῖξαι.
609 3883 668 3946 Oui
696 3883 810 3946 rationi
844 3882 905 3945 duo
934 3881 1143 3946 aduersantur
1178 3883 1248 3964 Ioni,
1281 3885 1336 3968 qui

231 3989 342 4047 tamen·
366 3984 397 4046 in
426 3982 539 4068 spuriis
568 3990 695 4048 exstant
723 3983 924 4059 orationibus,
947 3979 1094 4063 [LIII.]3
1117 3984 1335 4067 διηγήσασθαι

232 4086 309 4171 πρὸς
321 4090 400 4166 ὑμᾶς
415 4083 459 4144 τὰ
475 4085 505 4158 ἐξ
522 4085 618 4171 ἀρχῆς
635 4093 666 4148 et
682 4082 790 4165 [LVI]
803 4087 822 4146 4
837 4083 896 4156 τὴν
909 4085 937 4143 δ’
951 4083 1049 4167 ἀρχὴν
1060 4095 1120 4144 τοῦ
1132 4084 1334 4164 συμβολαίου

231 4184 402 4258 διεξελθεῖν
422 4187 498 4264 ὑμῖν
519 4198 648 4269 πρῶτον
670 4187 835 4266 βούλομαι.

315 4283 511 4348 Offendimus
539 4284 635 4347 etiam
662 4284 694 4346 in
723 4305 770 4365 ea,
803 4283 885 4366 quod
918 4283 1085 4366 genetiuus
1118 4282 1172 4365 qui
1204 4289 1335 4346 uocatur
