2854 4960
669 401 855 459 ,η-

212 589 260 647 est
283 582 429 662 iudicata,
451 582 586 667 quaein
613 581 715 646 indice
742 587 901 644 oratorum
923 579 1115 643 Graecorum
1141 582 1207 646 siue
1233 583 1308 643 ἀνα-

210 693 317 768 γραφῇ
346 685 429 745 τῶν
450 686 620 768 ῥητορικῶν
658 682 721 746 scil.
761 679 1018 768 συγγραμμάτων
1030 679 1053 759 1)
1091 679 1309 744 Demostheni-

212 803 318 846 carum
347 782 524 846 orationum
553 783 674 868 corpori
709 782 947 865 adiungeretur:
983 802 1002 843 a
1034 779 1249 846 Demosthene
1277 802 1310 844 re

211 904 288 947 uera
310 905 381 948 eam
404 904 470 946 esse
493 883 699 968 conscriptam
714 883 811 966 uulgo
826 887 950 944 ueteres
971 903 1027 965 pro
1049 887 1133 945 certo
1154 880 1312 964 putabant

211 1017 252 1026 —
274 982 358 1064 quod
379 981 506 1064 quidem
533 981 705 1046 uideamus.
747 982 830 1045 Nam
857 986 947 1044 crant
976 981 1038 1044 iam
1066 987 1143 1062 turn,
1166 981 1312 1062 quamuis

211 1083 369 1169 perpauci,
388 1121 429 1128 —
448 1083 662 1168 imprimisque
677 1083 736 1146 hoc
755 1083 824 1145 loco
839 1081 1009 1162 Dionysius
1024 1080 1312 1144 Halicarnassensis

212 1189 260 1247 est
279 1182 456 1246 laudandus
477 1220 518 1228 -
541 1184 594 1264 qui
616 1184 839 1269 perspicerent,
861 1201 956 1264 quarn
972 1180 1184 1244 Callimachus
1206 1182 1312 1265 negle-

212 1289 321 1362 genter
355 1289 449 1364 atque
484 1283 597 1347 leuiter
631 1302 806 1368 parumque
839 1304 913 1346 usus
947 1281 1053 1344 critica
1081 1282 1211 1364 ratione,
1240 1302 1313 1344 cum

212 1405 274 1447 non
296 1389 361 1446 tam
382 1383 539 1446 rhetorica
554 1402 650 1464 quam
672 1383 796 1468 poetica
813 1382 1022 1446 delectaretur
1044 1389 1122 1463 arte,
1138 1383 1171 1445 in
1192 1375 1315 1465 ingenti

212 1483 387 1547 orationum
409 1483 502 1546 turba
523 1484 604 1547 inter
626 1489 765 1547 oratores
780 1482 993 1568 dispensanda
1015 1488 1161 1546 uersatus
1177 1475 1259 1546 es‘set
1280 1489 1313 1545 et

212 1602 308 1665 quarn
334 1582 420 1646 haud
447 1583 544 1647 semel
575 1604 739 1669 perperam
772 1583 863 1647 alteri
889 1583 1019 1647 alterius
1054 1577 1214 1647 tribuisset¹
1244 1604 1313 1646 ora·

211 1685 327 1747 tionem
336 1681 360 1761 2)
388 1682 529 1766 uestigiis
558 1682 711 1746 adductus
738 1682 919 1746 leuissimis:
952 1682 1007 1746 sed
1033 1690 1069 1746 ut
1096 1683 1235 1746 maxime
1265 1689 1313 1746 est

211 1783 388 1865 dolendum,
413 1783 496 1865 quod
524 1783 686 1866 ignoratur
708 1784 843 1865 omnino,
869 1783 943 1864 quid
967 1783 1146 1867 Dionysius,
1172 1805 1313 1846 summus

211 1884 264 1948 ille
292 1890 387 1966 atque
415 1884 604 1947 clarissimus
632 1883 854 1948 Demosthenis
887 1883 1022 1963 criticus,
1054 1883 1243 1958 indicauerit
1272 1882 1312 1946 de

211 1986 303 2064 longe
341 1984 483 2068 plurimis
515 1983 737 2047 Demosthenis
775 1983 967 2047 orationibus
1004 1984 1169 2068 priuatis,·
1183 2003 1246 2065 quo
1279 1985 1312 2074 in

211 2105 341 2148 numero
369 2091 475 2148 nostra
497 2103 621 2166 quoque
651 2090 708 2162 est,
735 2084 780 2147 ita
801 2083 1044 2169 Harpocration,
1066 2105 1137 2146 oum
1163 2083 1314 2147 orationis

211 2184 376 2248 XXXIIH
409 2183 485 2248 facit
517 2185 716 2265 mentionem,
750 2206 786 2248 eo
819 2184 902 2266 quod
934 2184 1032 2247 uerba
1060 2183 1254 2248 orationibus
1280 2183 1314 2246 in

212 2285 341 2348 dubium
370 2286 490 2350 uocatis
517 2286 702 2371 plerumque
731 2285 863 2364 adiecta,
891 2305 973 2367 quae
1001 2290 1074 2348 sunt
1096 2285 1121 2344 εἰ
1145 2285 1271 2362 γνήσιος
1294 2286 1313 2344 ὁ

212 2383 314 2463 λόγος,
343 2384 460 2449 addere
489 2386 613 2468 omittit,
643 2407 704 2449 non
735 2384 975 2449 abiudicandam
1003 2382 1210 2449 Demostheni
1242 2404 1312 2447 eam

211 2505 280 2549 esse
305 2485 431 2549 uidetur
457 2486 611 2570 profiteri,
632 2508 655 2550 s.
676 2507 706 2550 u.
732 2485 903 2560 ἐπιθέτους
925 2486 1051 2569 ἑορτάςῑ
1080 2483 1251 2560 ἐπιθέτους
1278 2485 1313 2547 δὲ

211 2585 386 2662 ἐπιστολὰς
409 2587 534 2660 Λυσίας
556 2588 588 2648 ἐν
610 2594 656 2669 τῷ
677 2584 765 2646 κατὰ
780 2585 1014 2669 Θρασυβούλου
1036 2584 1311 2664 τινὰς·ὀνομάζει,

211 2683 296 2763 λέγοι
324 2683 398 2749 ἀόίν
426 2685 487 2761 τὰς
510 2688 661 2762 δοθείσας
683 2687 770 2750 τισίν
797 2683 872 2761 ἀίςτε
898 2685 1098 2766 διακομίσαι.
1127 2683 1228 2765 λέγειν
1250 2687 1310 2770 γὰρ

210 2782 247 2856 ἦν
275 2785 459 2866 εἰθισμένον
493 2785 643 2860 ἐπέθηκεν
671 2787 847 2862 ἐπιστολὰς
876 2785 951 2850 ἀντὶ
979 2796 1040 2846 τοῦ
1068 2784 1247 2871 παρέδωκεν
1275 2787 1312 2856 ὡς

212 2882 412 2963 Δημοσθένης
446 2887 479 2948 ἐν
504 2897 552 2970 τῷ
581 2887 658 2973 ὑπὲρ
687 2886 878 2973 Χρυσίππου
917 2887 994 2971 πρὸς
1033 2885 1092 2958 τὴν
1128 2884 1310 2970 Φορμίωνος

210 2987 426 3069 παραγραφήν
448 3023 489 3032 -
511 2994 543 3050 et
565 3009 588 3050 s·
609 3009 639 3050 u.
660 2983 794 3069 ἔφεκτος
822 2984 932 3058 τόκοςτ
960 2988 977 3046 ὁ
1000 2985 1053 3046 ἐπὶ
1079 2993 1126 3068 τῷ
1143 2982 1229 3066 ,ἕκτῳ
1252 2993 1310 3050 τοῦ

209 3083 398 3164 κεφαλαίου·
443 3086 644 3167 Δημοσθένης
668 3087 701 3149 ἐν
728 3094 775 3168 τῷ
802 3085 879 3171 ’ὑπὲρ
901 3089 1103 3172 Χρυσίππου.
1149 3083 1314 3148 Constantii

210 3201 281 3244 curn
308 3183 368 3247 hoo
396 3184 495 3250 lulius
522 3187 648 3268 Pollux,
672 3207 748 3256 ¹curn
774 3187 808 3248 in
836 3185 1019 3249 onomastici
1045 3185 1116 3272 libri
1145 3185 1219 3248 noni
1242 3205 1314 3266 seg·

294 3436 314 3500 ¹)
333 3440 365 3491 cf.
384 3439 539 3494 Athenaeus
561 3441 620 3496 XV.
644 3440 716 3496 669d
742 3445 789 3494 καὶ
815 3439 863 3494 τὸν
889 3439 974 3510 λόγον
1000 3443 1097 3493 τοῦτον
1121 3441 1181 3508 (τοῦ
1204 3442 1314 3508 χαλκοῦ

211 3521 325 3586 ποιητοῦ
355 3523 402 3573 καὶ
428 3519 540 3594 ῥήτορος
567 3527 729 3596 Διονυσίου)
758 3527 899 3599 ἀνέγραψε
930 3529 1109 3598 Καλλίμαχος
1139 3527 1170 3579 ἐν
1199 3529 1231 3598 τῇ
1258 3529 1315 3579 τῶν

211 3607 361 3676 ῥητορικῶν
378 3605 537 3681 ἀναγραφῇ.

295 3692 316 3756 ²)
334 3697 367 3749 of.
380 3697 488 3763 Dionys.
503 3699 590 3751 Halio.
604 3699 636 3752 de
649 3700 784 3753 Dinarcho
801 3701 880 3754 indic.
898 3718 956 3768 cap.
970 3702 994 3753 I:
1013 3695 1086 3765 ὀρῶν
1104 3695 1187 3750 οὐδέν
1205 3695 1316 3764 ἀκριβὲς

210 3772 272 3831 οὕτε
289 3783 472 3850 Καλλίμαχον
494 3775 556 3833 οὔτε
581 3777 643 3840 τοὺς
665 3781 695 3833 ἐκ
716 3777 869 3854 Περγάμου
897 3782 1107 3856 γραμματικοὺς
1135 3786 1199 3852 περὶ
1228 3782 1315 3837 αὐτοῦ

209 3863 382 3938 γράψαντας,
396 3863 464 3920 ἀλλά
478 3864 553 3939 παρὰ
573 3866 601 3920 τὸ
618 3867 709 3938 μηδὲν
726 3867 849 3930 ἐξετάσαι
869 3874 932 3942 περὶ
950 3870 1034 3932 αὑτοῦ
1048 3874 1102 3923 τῶν
1114 3869 1315 3940 ἀκριβεστέρων

211 3950 399 4025 ἡμαρτηκότας
416 3950 452 4013 ὡς
467 3951 506 4025 μὴ
522 3951 613 4024 μόνον
625 3956 763 4022 ἐψεῦσθαι
781 3955 879 4028 πολλὰ,
892 3956 960 4010 ἀλλά
979 3961 1025 4011 καὶ
1043 3954 1142 4026 λόγους
1155 3954 1217 4017 τοὺς
1229 3955 1314 4011 οὐδέν

210 4040 265 4111 μὲν
287 4038 360 4108 αὐτῷ
380 4037 564 4110 προςὴκοντας
586 4038 621 4102 ὡς
643 4039 799 4115 Δεινάρχου
817 4041 902 4112 τούτῳ
920 4050 1127 4113 apogniacum,
1154 4041 1217 4104 τοὺς
1240 4041 1311 4096 ‹l'rirr'

212 4125 296 4180 αὐτοῦ
308 4131 466 4196 γραφέντος
477 4128 577 4198 ἑτέρων
588 4124 659 4182 εἶναι
672 4131 771 4198 λέγειν.
786 4170 792 4182 .
811 4160 843 4168 -
861 4134 1020 4202 Harpocrat.
1035 4151 1055 4188 s.
1067 4151 1092 4186 u.
1106 4131 1315 4202 ἰνιιιίοκημμαι

155 4216 158 4222 ’
210 4215 409 4283 Δημοσθένους
422 4211 490 4286 πρὸς
499 4219 615 4286 Κριτίαν
626 4218 690 4285 περὶ
703 4219 750 4269 τοῦ
764 4212 1011 4288 ἰνεπισκὴμματος,
1025 4211 1058 4269 ὃν
1069 4218 1249 4287 Καλλίμαχος
1259 4216 1314 4288 μέν

211 4296 367 4370 ἀναγράφει
384 4297 420 4360 ὠς
430 4297 554 4370 γνήσιον,
569 4300 716 4364 Διονύσιος
733 4303 763 4355 δὲ
772 4300 999 4376 Ἁλικαρνασσεὺς
1016 4300 1052 4364 ὡς
1069 4303 1311 4374 ψευδεπίγραφον.
