<?xml version="1.0" encoding="UTF-8"?>
<!DOCTYPE html PUBLIC "-//W3C//DTD XHTML 1.0 Transitional//EN"
    "http://www.w3.org/TR/xhtml1/DTD/xhtml1-transitional.dtd">
<html xmlns="http://www.w3.org/1999/xhtml" xml:lang="en" lang="en">
 <head>
  <title>
</title>
<meta http-equiv="Content-Type" content="text/html;charset=utf-8" />
  <meta name='ocr-system' content='tesseract 3.04.00' />
  <meta name='ocr-capabilities' content='ocr_page ocr_carea ocr_par ocr_line ocrx_word'/>
</head>
<body>
  <div class='ocr_page' id='page_1' title='image "./dedemosthenisqu00ottogoog_0038.png"; bbox 0 0 2854 4960; ppageno 0'>
   <div class='ocr_carea' id='block_1_1' title="bbox 544 389 751 452">
    <p class='ocr_par' dir='ltr' id='par_1_1' title="bbox 544 389 751 452">
     <span class='ocr_line' id='line_1_1' title="bbox 544 389 751 452; baseline 0 -18"><span class='ocrx_word' id='word_1_1' title='bbox 544 389 751 452; x_wconf 56' lang='lat'>..37-</span> 
     </span>
    </p>
   </div>
   <div class='ocr_carea' id='block_1_2' title="bbox 15 571 1280 3660">
    <p class='ocr_par' dir='ltr' id='par_1_2' title="bbox 15 571 1280 1859">
     <span class='ocr_line' id='line_1_2' title="bbox 93 571 1196 660; baseline 0.004 -26"><span class='ocrx_word' id='word_1_2' title='bbox 93 571 209 636; x_wconf 89' lang='lat' dir='ltr'>uitiose</span> <span class='ocrx_word' id='word_1_3' title='bbox 230 572 301 656; x_wconf 90' lang='lat' dir='ltr'>plus</span> <span class='ocrx_word' id='word_1_4' title='bbox 323 571 404 636; x_wconf 82' lang='lat' dir='ltr'>duae</span> <span class='ocrx_word' id='word_1_5' title='bbox 426 573 539 636; x_wconf 88' lang='lat' dir='ltr'>breues</span> <span class='ocrx_word' id='word_1_6' title='bbox 562 573 703 654; x_wconf 81' lang='lat' dir='ltr'>syllabae</span> <span class='ocrx_word' id='word_1_7' title='bbox 729 573 762 638; x_wconf 93' lang='lat' dir='ltr'>in</span> <span class='ocrx_word' id='word_1_8' title='bbox 787 575 847 638; x_wconf 87' lang='lat' dir='ltr'>hae</span> <span class='ocrx_word' id='word_1_9' title='bbox 873 576 1013 642; x_wconf 89' lang='lat' dir='ltr'>oratione</span> <span class='ocrx_word' id='word_1_10' title='bbox 1036 576 1196 660; x_wconf 83' lang='lat' dir='ltr'>octoginta</span> 
     </span>
     <span class='ocr_line' id='line_1_3' title="bbox 94 672 1194 760; baseline 0.005 -26"><span class='ocrx_word' id='word_1_11' title='bbox 94 672 163 735; x_wconf 87' lang='lat' dir='ltr'>fere</span> <span class='ocrx_word' id='word_1_12' title='bbox 185 672 260 736; x_wconf 85' lang='lat' dir='ltr'>loeis</span> <span class='ocrx_word' id='word_1_13' title='bbox 282 679 354 737; x_wconf 88' lang='lat' dir='ltr'>sunt</span> <span class='ocrx_word' id='word_1_14' title='bbox 375 673 507 756; x_wconf 82' lang='lat' dir='ltr'>positae,</span> <span class='ocrx_word' id='word_1_15' title='bbox 529 680 563 738; x_wconf 92' lang='lat' dir='ltr'>ut</span> <span class='ocrx_word' id='word_1_16' title='bbox 585 672 630 754; x_wconf 61' lang='grc' dir='ltr'>ἐξ.</span> <span class='ocrx_word' id='word_1_17' title='bbox 653 677 667 736; x_wconf 93' lang='lat' dir='ltr'>l</span> <span class='ocrx_word' id='word_1_18' title='bbox 693 673 843 760; x_wconf 84' lang='grc' dir='ltr'><em>ἐμπόριον</em></span> <span class='ocrx_word' id='word_1_19' title='bbox 870 679 1153 759; x_wconf 77' lang='grc' dir='ltr'><em>εἰςαφικνούμενοι,</em></span> <span class='ocrx_word' id='word_1_20' title='bbox 1176 679 1194 740; x_wconf 77' lang='grc'>7</span> 
     </span>
     <span class='ocr_line' id='line_1_4' title="bbox 94 765 1194 860; baseline 0.003 -30"><span class='ocrx_word' id='word_1_21' title='bbox 94 765 180 842; x_wconf 79' lang='grc' dir='ltr'><em>αὕτη</em></span> <span class='ocrx_word' id='word_1_22' title='bbox 209 771 330 854; x_wconf 82' lang='grc' dir='ltr'><em>ἐγένετο</em></span> <span class='ocrx_word' id='word_1_23' title='bbox 358 782 428 846; x_wconf 82' lang='grc' dir='ltr'>τοῦ,</span> <span class='ocrx_word' id='word_1_24' title='bbox 453 775 491 836; x_wconf 82' lang='grc'>10</span> <span class='ocrx_word' id='word_1_25' title='bbox 517 774 749 857; x_wconf 82' lang='grc' dir='ltr'><em>προςανέλαβεν</em></span> <span class='ocrx_word' id='word_1_26' title='bbox 774 775 828 836; x_wconf 82' lang='grc' dir='ltr'>ἐπὶ</span> <span class='ocrx_word' id='word_1_27' title='bbox 852 776 892 837; x_wconf 90' lang='grc' dir='ltr'>τὸ</span> <span class='ocrx_word' id='word_1_28' title='bbox 918 773 1140 860; x_wconf 76' lang='grc' dir='ltr'><strong><em>κατάστρωμα</em></strong></span> <span class='ocrx_word' id='word_1_29' title='bbox 1155 811 1194 819; x_wconf 79' lang='lat'>-</span> 
     </span>
     <span class='ocr_line' id='line_1_5' title="bbox 93 869 1194 960; baseline 0.005 -30"><span class='ocrx_word' id='word_1_30' title='bbox 93 872 194 948; x_wconf 83' lang='grc' dir='ltr'><em>αὐτὸς</em></span> <span class='ocrx_word' id='word_1_31' title='bbox 210 873 264 950; x_wconf 87' lang='grc' dir='ltr'><em>μὲν</em></span> <span class='ocrx_word' id='word_1_32' title='bbox 281 873 432 947; x_wconf 63' lang='grc' dir='ltr'><em>ἀπεσώθη</em></span> <span class='ocrx_word' id='word_1_33' title='bbox 446 909 487 920; x_wconf 88' lang='lat'>--</span> <span class='ocrx_word' id='word_1_34' title='bbox 502 869 578 935; x_wconf 77' lang='grc' dir='ltr'>οὔτε</span> <span class='ocrx_word' id='word_1_35' title='bbox 593 874 787 958; x_wconf 64' lang='grc' dir='ltr'><em>συνανήχθη,</em></span> <span class='ocrx_word' id='word_1_36' title='bbox 803 875 1017 960; x_wconf 80' lang='grc' dir='ltr'>11προςέχετε</span> <span class='ocrx_word' id='word_1_37' title='bbox 1032 874 1092 937; x_wconf 89' lang='grc' dir='ltr'>τὸν</span> <span class='ocrx_word' id='word_1_38' title='bbox 1107 884 1194 950; x_wconf 83' lang='grc' dir='ltr'>νοῦν,</span> 
     </span>
     <span class='ocr_line' id='line_1_6' title="bbox 15 967 1193 1059; baseline -0.001 -26"><span class='ocrx_word' id='word_1_39' title='bbox 15 987 16 1006; x_wconf 66' lang='grc'>’</span> <span class='ocrx_word' id='word_1_40' title='bbox 96 973 137 1034; x_wconf 89' lang='grc'>12</span> <span class='ocrx_word' id='word_1_41' title='bbox 165 967 270 1059; x_wconf 81' lang='grc' dir='ltr'><em>ἕτερος</em></span> <span class='ocrx_word' id='word_1_42' title='bbox 298 970 366 1048; x_wconf 78' lang='grc' dir='ltr'><em>ἤδη,</em></span> <span class='ocrx_word' id='word_1_43' title='bbox 397 976 434 1038; x_wconf 83' lang='lat'>15</span> <span class='ocrx_word' id='word_1_44' title='bbox 463 975 627 1058; x_wconf 72' lang='grc' dir='ltr'><strong><em>οὐδέτερος</em></strong></span> <span class='ocrx_word' id='word_1_45' title='bbox 656 976 773 1050; x_wconf 79' lang='grc' dir='ltr'><em>αὐτῶν,</em></span> <span class='ocrx_word' id='word_1_46' title='bbox 804 971 880 1039; x_wconf 73' lang='grc'>163</span> <span class='ocrx_word' id='word_1_47' title='bbox 909 974 1028 1058; x_wconf 82' lang='grc' dir='ltr'><em>ἔλαχον</em></span> <span class='ocrx_word' id='word_1_48' title='bbox 1056 977 1193 1055; x_wconf 80' lang='grc' dir='ltr'><em>αὐτῷ-</em></span> 
     </span>
     <span class='ocr_line' id='line_1_7' title="bbox 93 1065 1280 1160; baseline 0.006 -31"><span class='ocrx_word' id='word_1_49' title='bbox 93 1065 220 1154; x_wconf 80' lang='grc' dir='ltr'><em>ἔλαχον</em></span> <span class='ocrx_word' id='word_1_50' title='bbox 241 1072 308 1154; x_wconf 78' lang='grc' dir='ltr'><em>ἐγὼ,</em></span> <span class='ocrx_word' id='word_1_51' title='bbox 333 1076 370 1137; x_wconf 85' lang='grc'>18</span> <span class='ocrx_word' id='word_1_52' title='bbox 394 1071 548 1159; x_wconf 78' lang='grc' dir='ltr'><em>πρότερον</em></span> <span class='ocrx_word' id='word_1_53' title='bbox 570 1073 689 1158; x_wconf 77' lang='grc' dir='ltr'><em>εἰρήκει,</em></span> <span class='ocrx_word' id='word_1_54' title='bbox 711 1076 748 1136; x_wconf 92' lang='grc'>21</span> <span class='ocrx_word' id='word_1_55' title='bbox 773 1070 908 1160; x_wconf 77' lang='grc' dir='ltr'><em>ὕστερον</em></span> <span class='ocrx_word' id='word_1_56' title='bbox 930 1073 1133 1152; x_wconf 59' lang='grc' dir='ltr'><em>ἐπυθόμεθα,</em></span> <span class='ocrx_word' id='word_1_57' title='bbox 1155 1076 1194 1138; x_wconf 93' lang='grc'>22</span> <span class='ocrx_word' id='word_1_58' title='bbox 1278 1115 1280 1125; x_wconf 77' lang='lat'><em>=</em></span> 
     </span>
     <span class='ocr_line' id='line_1_8' title="bbox 15 1170 1194 1257; baseline 0.006 -27"><span class='ocrx_word' id='word_1_59' title='bbox 15 1235 16 1250; x_wconf 24' lang='grc' dir='ltr'><em>ρ</em></span> <span class='ocrx_word' id='word_1_60' title='bbox 94 1170 193 1245; x_wconf 84' lang='grc' dir='ltr'><em>οὗτος</em></span> <span class='ocrx_word' id='word_1_61' title='bbox 220 1172 630 1254; x_wconf 59' lang='grc' dir='ltr'><em>ἀποδώσειν-ἐνθέμενος</em></span> <span class='ocrx_word' id='word_1_62' title='bbox 658 1176 710 1250; x_wconf 80' lang='grc' dir='ltr'><em>εἰς,</em></span> <span class='ocrx_word' id='word_1_63' title='bbox 737 1177 777 1238; x_wconf 90' lang='grc'>23</span> <span class='ocrx_word' id='word_1_64' title='bbox 806 1175 1032 1257; x_wconf 74' lang='grc' dir='ltr'><em>δανεισάμενος</em></span> <span class='ocrx_word' id='word_1_65' title='bbox 1059 1175 1194 1257; x_wconf 79' lang='grc' dir='ltr'><em>ἐγγείων,</em></span> 
     </span>
     <span class='ocr_line' id='line_1_9' title="bbox 15 1257 1194 1360; baseline 0.003 -30"><span class='ocrx_word' id='word_1_66' title='bbox 15 1319 16 1330; x_wconf 69' lang='lat'>.</span> <span class='ocrx_word' id='word_1_67' title='bbox 93 1273 136 1334; x_wconf 84' lang='grc'>27</span> <span class='ocrx_word' id='word_1_68' title='bbox 159 1274 271 1359; x_wconf 84' lang='grc' dir='ltr'><em>πρᾶξιν</em></span> <span class='ocrx_word' id='word_1_69' title='bbox 299 1257 665 1360; x_wconf 34' lang='grc' dir='ltr'><em>ἐδίδοσαν-’ἐμπόριον</em></span> <span class='ocrx_word' id='word_1_70' title='bbox 694 1272 1036 1353; x_wconf 71' lang='grc' dir='ltr'><em>ἥκων-συμβόλαιον</em></span> <span class='ocrx_word' id='word_1_71' title='bbox 1062 1275 1194 1352; x_wconf 79' lang='grc' dir='ltr'><em>ἐγένετο,</em></span> 
     </span>
     <span class='ocr_line' id='line_1_10' title="bbox 15 1371 1194 1462; baseline -0.001 -28"><span class='ocrx_word' id='word_1_72' title='bbox 15 1403 16 1408; x_wconf 58' lang='grc'>’</span> <span class='ocrx_word' id='word_1_73' title='bbox 93 1373 137 1434; x_wconf 88' lang='grc'>28</span> <span class='ocrx_word' id='word_1_74' title='bbox 159 1373 334 1458; x_wconf 80' lang='grc' dir='ltr'><em>παρέλαβες</em></span> <span class='ocrx_word' id='word_1_75' title='bbox 349 1376 392 1448; x_wconf 84' lang='grc' dir='ltr'><em>ἐν,</em></span> <span class='ocrx_word' id='word_1_76' title='bbox 414 1377 454 1440; x_wconf 80' lang='grc'>23</span> <span class='ocrx_word' id='word_1_77' title='bbox 469 1374 646 1459; x_wconf 83' lang='grc' dir='ltr'><em>γράμματα</em></span> <span class='ocrx_word' id='word_1_78' title='bbox 661 1376 768 1454; x_wconf 81' lang='grc' dir='ltr'><em>λαβών</em></span> <span class='ocrx_word' id='word_1_79' title='bbox 782 1375 964 1462; x_wconf 76' lang='grc' dir='ltr'><em>-χρυσίον</em></span> <span class='ocrx_word' id='word_1_80' title='bbox 980 1371 1194 1449; x_wconf 77' lang='grc' dir='ltr'><em>ἀποδιδόντα,</em></span> 
     </span>
     <span class='ocr_line' id='line_1_11' title="bbox 92 1472 1193 1559; baseline -0.001 -25"><span class='ocrx_word' id='word_1_81' title='bbox 92 1475 137 1534; x_wconf 86' lang='grc'>33</span> <span class='ocrx_word' id='word_1_82' title='bbox 159 1474 261 1533; x_wconf 82' lang='grc' dir='ltr'><em>αὐτὸν</em></span> <span class='ocrx_word' id='word_1_83' title='bbox 288 1472 634 1538; x_wconf 74' lang='grc' dir='ltr'><em>ἀποδοῦναι-ὁπότε</em></span> <span class='ocrx_word' id='word_1_84' title='bbox 655 1473 715 1559; x_wconf 82' lang='grc' dir='ltr'>γὰρ</span> <span class='ocrx_word' id='word_1_85' title='bbox 739 1477 782 1549; x_wconf 89' lang='grc' dir='ltr'><em>ε’ν,</em></span> <span class='ocrx_word' id='word_1_86' title='bbox 804 1479 843 1540; x_wconf 85' lang='grc'>35</span> <span class='ocrx_word' id='word_1_87' title='bbox 865 1475 988 1554; x_wconf 76' lang='grc' dir='ltr'><em>τούμὸν</em></span> <span class='ocrx_word' id='word_1_88' title='bbox 1016 1473 1193 1559; x_wconf 76' lang='grc' dir='ltr'>ἐμερίσατο,</span> 
     </span>
     <span class='ocr_line' id='line_1_12' title="bbox 93 1572 1193 1660; baseline 0 -24"><span class='ocrx_word' id='word_1_89' title='bbox 93 1575 137 1636; x_wconf 92' lang='grc'>36</span> <span class='ocrx_word' id='word_1_90' title='bbox 160 1572 321 1660; x_wconf 83' lang='grc' dir='ltr'><em>δεινότερα</em></span> <span class='ocrx_word' id='word_1_91' title='bbox 336 1577 470 1650; x_wconf 83' lang='grc' dir='ltr'>τούτου,</span> <span class='ocrx_word' id='word_1_92' title='bbox 486 1577 527 1639; x_wconf 90' lang='grc'>40</span> <span class='ocrx_word' id='word_1_93' title='bbox 548 1575 763 1660; x_wconf 78' lang='grc' dir='ltr'><em>ὑπάρχουσαν</em></span> <span class='ocrx_word' id='word_1_94' title='bbox 784 1576 951 1638; x_wconf 82' lang='grc' dir='ltr'><em>ἐπιείκειαν</em></span> <span class='ocrx_word' id='word_1_95' title='bbox 969 1574 1193 1653; x_wconf 82' lang='grc' dir='ltr'><em>ἀποβάλωμεν,</em></span> 
     </span>
     <span class='ocr_line' id='line_1_13' title="bbox 93 1671 1193 1758; baseline -0.001 -23"><span class='ocrx_word' id='word_1_96' title='bbox 93 1676 133 1735; x_wconf 89' lang='grc'>41</span> <span class='ocrx_word' id='word_1_97' title='bbox 157 1673 262 1734; x_wconf 83' lang='grc' dir='ltr'><em>παῖδα</em></span> <span class='ocrx_word' id='word_1_98' title='bbox 278 1672 525 1758; x_wconf 76' lang='grc' dir='ltr'><em>παραλαβόντα,</em></span> <span class='ocrx_word' id='word_1_99' title='bbox 543 1677 583 1738; x_wconf 87' lang='grc'>42</span> <span class='ocrx_word' id='word_1_100' title='bbox 600 1671 724 1752; x_wconf 71' lang='grc' dir='ltr'><em>ἄμεινον</em></span> <span class='ocrx_word' id='word_1_101' title='bbox 735 1676 974 1758; x_wconf 74' lang='grc' dir='ltr'><em>ἀπελογήσατο,</em></span> <span class='ocrx_word' id='word_1_102' title='bbox 986 1676 1026 1736; x_wconf 88' lang='grc'>44</span> <span class='ocrx_word' id='word_1_103' title='bbox 1038 1671 1193 1758; x_wconf 88' lang='grc' dir='ltr'><em>πρότερον</em></span> 
     </span>
     <span class='ocr_line' id='line_1_14' title="bbox 92 1771 630 1859; baseline 0.011 -27"><span class='ocrx_word' id='word_1_104' title='bbox 92 1773 202 1844; x_wconf 69' lang='grc' dir='ltr'><em>αὐτοί,</em></span> <span class='ocrx_word' id='word_1_105' title='bbox 225 1774 265 1837; x_wconf 87' lang='grc'>46</span> <span class='ocrx_word' id='word_1_106' title='bbox 288 1771 385 1852; x_wconf 89' lang='grc' dir='ltr'><em>μόνον</em></span> <span class='ocrx_word' id='word_1_107' title='bbox 408 1774 568 1859; x_wconf 80' lang='grc' dir='ltr'><em>ἀναφέρει,</em></span> <span class='ocrx_word' id='word_1_108' title='bbox 590 1774 630 1838; x_wconf 88' lang='lat' dir='ltr'>al.</span> 
     </span>
    </p>

    <p class='ocr_par' dir='ltr' id='par_1_3' title="bbox 91 1872 1256 2858">
     <span class='ocr_line' id='line_1_15' title="bbox 178 1872 1256 1959; baseline -0.001 -23"><span class='ocrx_word' id='word_1_109' title='bbox 178 1872 251 1955; x_wconf 88' lang='lat' dir='ltr'>Age</span> <span class='ocrx_word' id='word_1_110' title='bbox 271 1894 354 1937; x_wconf 88' lang='lat' dir='ltr'>nune</span> <span class='ocrx_word' id='word_1_111' title='bbox 375 1873 416 1937; x_wconf 89' lang='lat' dir='ltr'>ad</span> <span class='ocrx_word' id='word_1_112' title='bbox 437 1873 542 1956; x_wconf 90' lang='lat' dir='ltr'>aliam,</span> <span class='ocrx_word' id='word_1_113' title='bbox 569 1895 650 1959; x_wconf 89' lang='lat' dir='ltr'>quae</span> <span class='ocrx_word' id='word_1_114' title='bbox 672 1875 753 1938; x_wconf 85' lang='lat' dir='ltr'>inter</span> <span class='ocrx_word' id='word_1_115' title='bbox 774 1875 946 1939; x_wconf 88' lang='lat' dir='ltr'>orationem</span> <span class='ocrx_word' id='word_1_116' title='bbox 967 1873 1140 1938; x_wconf 86' lang='lat' dir='ltr'>XXXIIII.</span> <span class='ocrx_word' id='word_1_117' title='bbox 1162 1879 1194 1936; x_wconf 86' lang='lat' dir='ltr'>et</span> <span class='ocrx_word' id='word_1_118' title='bbox 1251 1931 1256 1946; x_wconf 83' lang='grc'><em>,</em></span> 
     </span>
     <span class='ocr_line' id='line_1_16' title="bbox 91 1973 1193 2059; baseline 0 -23"><span class='ocrx_word' id='word_1_119' title='bbox 91 1973 355 2038; x_wconf 85' lang='lat' dir='ltr'>Demosthenicas</span> <span class='ocrx_word' id='word_1_120' title='bbox 391 1973 547 2038; x_wconf 90' lang='lat' dir='ltr'>orationes</span> <span class='ocrx_word' id='word_1_121' title='bbox 588 1981 703 2058; x_wconf 72' lang='lat' dir='ltr'>exstat,</span> <span class='ocrx_word' id='word_1_122' title='bbox 742 1975 907 2040; x_wconf 89' lang='lat' dir='ltr'>ueniamus</span> <span class='ocrx_word' id='word_1_123' title='bbox 942 1973 1193 2059; x_wconf 81' lang='lat' dir='ltr'>discrepantiam.</span> 
     </span>
     <span class='ocr_line' id='line_1_17' title="bbox 93 2073 1192 2160; baseline 0.002 -24"><span class='ocrx_word' id='word_1_124' title='bbox 93 2074 227 2138; x_wconf 82' lang='lat' dir='ltr'>Constat</span> <span class='ocrx_word' id='word_1_125' title='bbox 258 2073 343 2138; x_wconf 91' lang='lat' dir='ltr'>enim</span> <span class='ocrx_word' id='word_1_126' title='bbox 381 2075 562 2154; x_wconf 91' lang='lat' dir='ltr'>,nomina</span> <span class='ocrx_word' id='word_1_127' title='bbox 594 2075 757 2160; x_wconf 90' lang='lat' dir='ltr'>propria</span> <span class='ocrx_word' id='word_1_128' title='bbox 794 2075 1058 2140; x_wconf 85' lang='lat' dir='ltr'>a-Demosthene</span> <span class='ocrx_word' id='word_1_129' title='bbox 1093 2075 1192 2138; x_wconf 87' lang='lat' dir='ltr'>multo</span> 
     </span>
     <span class='ocr_line' id='line_1_18' title="bbox 92 2173 1203 2260; baseline 0 -24"><span class='ocrx_word' id='word_1_130' title='bbox 92 2173 237 2256; x_wconf 89' lang='lat' dir='ltr'>pluribus</span> <span class='ocrx_word' id='word_1_131' title='bbox 259 2174 334 2238; x_wconf 85' lang='lat' dir='ltr'>loeis</span> <span class='ocrx_word' id='word_1_132' title='bbox 358 2174 424 2238; x_wconf 92' lang='lat' dir='ltr'>sine</span> <span class='ocrx_word' id='word_1_133' title='bbox 446 2175 577 2238; x_wconf 81' lang='lat' dir='ltr'>articulo</span> <span class='ocrx_word' id='word_1_134' title='bbox 599 2194 694 2256; x_wconf 91' lang='lat' dir='ltr'>quam</span> <span class='ocrx_word' id='word_1_135' title='bbox 720 2198 791 2240; x_wconf 87' lang='lat' dir='ltr'>oum</span> <span class='ocrx_word' id='word_1_136' title='bbox 818 2176 950 2240; x_wconf 89' lang='lat' dir='ltr'>artieulo</span> <span class='ocrx_word' id='word_1_137' title='bbox 978 2175 1060 2260; x_wconf 90' lang='lat' dir='ltr'>poni,</span> <span class='ocrx_word' id='word_1_138' title='bbox 1088 2180 1120 2238; x_wconf 85' lang='lat' dir='ltr'>et</span> <span class='ocrx_word' id='word_1_139' title='bbox 1147 2174 1203 2237; x_wconf 88' lang='lat' dir='ltr'>ita-</span> 
     </span>
     <span class='ocr_line' id='line_1_19' title="bbox 93 2272 1192 2362; baseline 0.002 -26"><span class='ocrx_word' id='word_1_140' title='bbox 93 2272 230 2354; x_wconf 91' lang='lat' dir='ltr'>quidem,</span> <span class='ocrx_word' id='word_1_141' title='bbox 257 2280 292 2337; x_wconf 91' lang='lat' dir='ltr'>ut</span> <span class='ocrx_word' id='word_1_142' title='bbox 318 2274 385 2340; x_wconf 88' lang='lat' dir='ltr'>fere</span> <span class='ocrx_word' id='word_1_143' title='bbox 407 2275 549 2360; x_wconf 89' lang='lat' dir='ltr'>quintum</span> <span class='ocrx_word' id='word_1_144' title='bbox 572 2275 718 2361; x_wconf 91' lang='lat' dir='ltr'>quodque</span> <span class='ocrx_word' id='word_1_145' title='bbox 743 2297 857 2341; x_wconf 89' lang='lat' dir='ltr'>nornen</span> <span class='ocrx_word' id='word_1_146' title='bbox 879 2275 1039 2362; x_wconf 90' lang='lat' dir='ltr'>proprium</span> <span class='ocrx_word' id='word_1_147' title='bbox 1061 2274 1192 2338; x_wconf 81' lang='lat' dir='ltr'>articulo</span> 
     </span>
     <span class='ocr_line' id='line_1_20' title="bbox 91 2373 1192 2454; baseline 0 -17"><span class='ocrx_word' id='word_1_148' title='bbox 91 2375 281 2438; x_wconf 80' lang='lat' dir='ltr'>instructum</span> <span class='ocrx_word' id='word_1_149' title='bbox 310 2373 366 2438; x_wconf 87' lang='lat' dir='ltr'>sit“</span> <span class='ocrx_word' id='word_1_150' title='bbox 381 2373 413 2454; x_wconf 87' lang='lat'>¹).</span> <span class='ocrx_word' id='word_1_151' title='bbox 455 2374 492 2438; x_wconf 92' lang='lat' dir='ltr'>In</span> <span class='ocrx_word' id='word_1_152' title='bbox 520 2376 660 2440; x_wconf 90' lang='lat' dir='ltr'>oratione</span> <span class='ocrx_word' id='word_1_153' title='bbox 689 2397 763 2440; x_wconf 90' lang='lat' dir='ltr'>uero</span> <span class='ocrx_word' id='word_1_154' title='bbox 791 2376 943 2441; x_wconf 85' lang='lat' dir='ltr'>aduersus</span> <span class='ocrx_word' id='word_1_155' title='bbox 971 2375 1192 2439; x_wconf 86' lang='lat' dir='ltr'>Phormionem</span> 
     </span>
     <span class='ocr_line' id='line_1_21' title="bbox 92 2473 1191 2561; baseline 0.002 -25"><span class='ocrx_word' id='word_1_156' title='bbox 92 2473 212 2556; x_wconf 83' lang='lat' dir='ltr'>scripta</span> <span class='ocrx_word' id='word_1_157' title='bbox 248 2474 344 2544; x_wconf 84' lang='lat' dir='ltr'>ternis</span> <span class='ocrx_word' id='word_1_158' title='bbox 374 2475 441 2538; x_wconf 88' lang='lat' dir='ltr'>sine</span> <span class='ocrx_word' id='word_1_159' title='bbox 481 2477 612 2540; x_wconf 80' lang='lat' dir='ltr'>articulo</span> <span class='ocrx_word' id='word_1_160' title='bbox 652 2477 760 2560; x_wconf 89' lang='lat' dir='ltr'>positis</span> <span class='ocrx_word' id='word_1_161' title='bbox 796 2477 870 2542; x_wconf 89' lang='lat' dir='ltr'>bina</span> <span class='ocrx_word' id='word_1_162' title='bbox 906 2476 1034 2541; x_wconf 90' lang='lat' dir='ltr'>nomina</span> <span class='ocrx_word' id='word_1_163' title='bbox 1066 2476 1191 2561; x_wconf 89' lang='lat' dir='ltr'>propria</span> 
     </span>
     <span class='ocr_line' id='line_1_22' title="bbox 91 2572 1192 2658; baseline 0.002 -21"><span class='ocrx_word' id='word_1_164' title='bbox 91 2572 284 2657; x_wconf 89' lang='lat' dir='ltr'>respondent</span> <span class='ocrx_word' id='word_1_165' title='bbox 312 2574 443 2638; x_wconf 83' lang='lat' dir='ltr'>articulo</span> <span class='ocrx_word' id='word_1_166' title='bbox 471 2576 638 2656; x_wconf 80' lang='lat' dir='ltr'>instructa3</span> <span class='ocrx_word' id='word_1_167' title='bbox 666 2583 832 2641; x_wconf 80' lang='lat' dir='ltr'>occurrunt</span> <span class='ocrx_word' id='word_1_168' title='bbox 866 2577 950 2641; x_wconf 88' lang='lat' dir='ltr'>euim</span> <span class='ocrx_word' id='word_1_169' title='bbox 983 2582 1132 2658; x_wconf 88' lang='lat' dir='ltr'>quattuor</span> <span class='ocrx_word' id='word_1_170' title='bbox 1161 2583 1192 2640; x_wconf 89' lang='lat' dir='ltr'>et</span> 
     </span>
     <span class='ocr_line' id='line_1_23' title="bbox 91 2670 1190 2761; baseline 0.003 -25"><span class='ocrx_word' id='word_1_171' title='bbox 91 2674 323 2758; x_wconf 87' lang='lat' dir='ltr'>quinquaginta</span> <span class='ocrx_word' id='word_1_172' title='bbox 346 2675 471 2740; x_wconf 89' lang='lat' dir='ltr'>nomina</span> <span class='ocrx_word' id='word_1_173' title='bbox 493 2677 619 2761; x_wconf 87' lang='lat' dir='ltr'>propria</span> <span class='ocrx_word' id='word_1_174' title='bbox 638 2677 704 2740; x_wconf 90' lang='lat' dir='ltr'>sine</span> <span class='ocrx_word' id='word_1_175' title='bbox 723 2678 855 2742; x_wconf 84' lang='lat' dir='ltr'>articulo</span> <span class='ocrx_word' id='word_1_176' title='bbox 875 2676 906 2742; x_wconf 85' lang='lat' dir='ltr'>et</span> <span class='ocrx_word' id='word_1_177' title='bbox 925 2677 1056 2761; x_wconf 90' lang='lat' dir='ltr'>triginta</span> <span class='ocrx_word' id='word_1_178' title='bbox 1071 2670 1190 2760; x_wconf 85' lang='lat' dir='ltr'>septem</span> 
     </span>
     <span class='ocr_line' id='line_1_24' title="bbox 91 2773 452 2858; baseline 0.003 -20"><span class='ocrx_word' id='word_1_179' title='bbox 91 2795 165 2838; x_wconf 88' lang='lat' dir='ltr'>eum</span> <span class='ocrx_word' id='word_1_180' title='bbox 188 2773 319 2839; x_wconf 81' lang='lat' dir='ltr'>articulo</span> <span class='ocrx_word' id='word_1_181' title='bbox 341 2775 452 2858; x_wconf 90' lang='lat' dir='ltr'>posita.</span> 
     </span>
    </p>

    <p class='ocr_par' dir='ltr' id='par_1_4' title="bbox 90 2873 1192 3660">
     <span class='ocr_line' id='line_1_25' title="bbox 176 2873 1191 2959; baseline 0.003 -22"><span class='ocrx_word' id='word_1_182' title='bbox 176 2873 410 2939; x_wconf 85' lang='lat' dir='ltr'>Animaduertit</span> <span class='ocrx_word' id='word_1_183' title='bbox 425 2897 517 2959; x_wconf 88' lang='lat' dir='ltr'>porro</span> <span class='ocrx_word' id='word_1_184' title='bbox 527 2875 710 2959; x_wconf 86' lang='lat' dir='ltr'>Wagnerus</span> <span class='ocrx_word' id='word_1_185' title='bbox 721 2876 745 2957; x_wconf 80' lang='grc'>2)</span> <span class='ocrx_word' id='word_1_186' title='bbox 766 2878 954 2942; x_wconf 85' lang='lat' dir='ltr'>infinitiuum</span> <span class='ocrx_word' id='word_1_187' title='bbox 969 2899 1042 2942; x_wconf 88' lang='lat' dir='ltr'>eum</span> <span class='ocrx_word' id='word_1_188' title='bbox 1061 2877 1191 2940; x_wconf 81' lang='lat' dir='ltr'>articulo</span> 
     </span>
     <span class='ocr_line' id='line_1_26' title="bbox 90 2974 1192 3059; baseline 0.001 -21"><span class='ocrx_word' id='word_1_189' title='bbox 90 2974 292 3038; x_wconf 81' lang='lat' dir='ltr'>coniunctum</span> <span class='ocrx_word' id='word_1_190' title='bbox 318 2997 338 3040; x_wconf 90' lang='lat' dir='ltr'>a</span> <span class='ocrx_word' id='word_1_191' title='bbox 363 2975 576 3040; x_wconf 86' lang='lat' dir='ltr'>Demosthene</span> <span class='ocrx_word' id='word_1_192' title='bbox 605 2977 735 3059; x_wconf 87' lang='lat' dir='ltr'>egregia</span> <span class='ocrx_word' id='word_1_193' title='bbox 763 2984 830 3041; x_wconf 89' lang='lat' dir='ltr'>arte</span> <span class='ocrx_word' id='word_1_194' title='bbox 859 2985 890 3042; x_wconf 89' lang='lat' dir='ltr'>et</span> <span class='ocrx_word' id='word_1_195' title='bbox 917 2984 983 3042; x_wconf 92' lang='lat' dir='ltr'>tam</span> <span class='ocrx_word' id='word_1_196' title='bbox 1011 2978 1192 3059; x_wconf 85' lang='lat' dir='ltr'>frequenter</span> 
     </span>
     <span class='ocr_line' id='line_1_27' title="bbox 91 3075 1191 3162; baseline 0.003 -25"><span class='ocrx_word' id='word_1_197' title='bbox 91 3075 282 3138; x_wconf 85' lang='lat' dir='ltr'>substantiui</span> <span class='ocrx_word' id='word_1_198' title='bbox 315 3083 370 3139; x_wconf 88' lang='lat' dir='ltr'>aut</span> <span class='ocrx_word' id='word_1_199' title='bbox 402 3077 555 3141; x_wconf 88' lang='lat' dir='ltr'>enuntiati</span> <span class='ocrx_word' id='word_1_200' title='bbox 587 3079 655 3142; x_wconf 88' lang='lat' dir='ltr'>loeo</span> <span class='ocrx_word' id='word_1_201' title='bbox 687 3085 874 3162; x_wconf 88' lang='lat' dir='ltr'>usurpatum</span> <span class='ocrx_word' id='word_1_202' title='bbox 910 3099 989 3157; x_wconf 90' lang='lat' dir='ltr'>esse,</span> <span class='ocrx_word' id='word_1_203' title='bbox 1025 3085 1060 3141; x_wconf 89' lang='lat' dir='ltr'>ut</span> <span class='ocrx_word' id='word_1_204' title='bbox 1094 3077 1191 3141; x_wconf 87' lang='lat' dir='ltr'>ternis</span> 
     </span>
     <span class='ocr_line' id='line_1_28' title="bbox 91 3174 1190 3262; baseline 0.002 -24"><span class='ocrx_word' id='word_1_205' title='bbox 91 3174 216 3238; x_wconf 82' lang='lat' dir='ltr'>circiter</span> <span class='ocrx_word' id='word_1_206' title='bbox 242 3176 451 3262; x_wconf 81' lang='lat' dir='ltr'>paragraphis</span> <span class='ocrx_word' id='word_1_207' title='bbox 477 3177 593 3261; x_wconf 87' lang='lat' dir='ltr'>singuli</span> <span class='ocrx_word' id='word_1_208' title='bbox 619 3179 764 3243; x_wconf 89' lang='lat' dir='ltr'>infinitiui</span> <span class='ocrx_word' id='word_1_209' title='bbox 785 3179 917 3242; x_wconf 77' lang='lat' dir='ltr'>articulo</span> <span class='ocrx_word' id='word_1_210' title='bbox 939 3178 1083 3242; x_wconf 79' lang='lat' dir='ltr'>instructi</span> <span class='ocrx_word' id='word_1_211' title='bbox 1105 3179 1190 3241; x_wconf 88' lang='lat' dir='ltr'>attri-</span> 
     </span>
     <span class='ocr_line' id='line_1_29' title="bbox 92 3274 1189 3344; baseline 0.002 -6"><span class='ocrx_word' id='word_1_212' title='bbox 92 3274 210 3338; x_wconf 90' lang='lat' dir='ltr'>buendi</span> <span class='ocrx_word' id='word_1_213' title='bbox 235 3276 304 3340; x_wconf 89' lang='lat' dir='ltr'>sint.</span> <span class='ocrx_word' id='word_1_214' title='bbox 346 3277 384 3340; x_wconf 93' lang='lat' dir='ltr'>In</span> <span class='ocrx_word' id='word_1_215' title='bbox 411 3278 551 3342; x_wconf 88' lang='lat' dir='ltr'>oratione</span> <span class='ocrx_word' id='word_1_216' title='bbox 579 3285 685 3344; x_wconf 82' lang='lat' dir='ltr'>autem</span> <span class='ocrx_word' id='word_1_217' title='bbox 707 3278 880 3343; x_wconf 88' lang='lat' dir='ltr'>XXXIIII.</span> <span class='ocrx_word' id='word_1_218' title='bbox 905 3300 1019 3343; x_wconf 90' lang='lat' dir='ltr'>nouem</span> <span class='ocrx_word' id='word_1_219' title='bbox 1045 3277 1189 3342; x_wconf 88' lang='lat' dir='ltr'>infinitiui</span> 
     </span>
     <span class='ocr_line' id='line_1_30' title="bbox 92 3374 1189 3462; baseline 0.004 -26"><span class='ocrx_word' id='word_1_220' title='bbox 92 3374 185 3437; x_wconf 93' lang='lat' dir='ltr'>huius</span> <span class='ocrx_word' id='word_1_221' title='bbox 208 3375 330 3453; x_wconf 90' lang='lat' dir='ltr'>generis</span> <span class='ocrx_word' id='word_1_222' title='bbox 352 3378 560 3462; x_wconf 87' lang='lat' dir='ltr'>reperiuntur,</span> <span class='ocrx_word' id='word_1_223' title='bbox 582 3379 620 3442; x_wconf 85' lang='lat' dir='ltr'>of.</span> <span class='ocrx_word' id='word_1_224' title='bbox 642 3377 688 3458; x_wconf 60' lang='grc' dir='ltr'>ἐξ.</span> <span class='ocrx_word' id='word_1_225' title='bbox 709 3381 728 3442; x_wconf 97' lang='grc'>2</span> <span class='ocrx_word' id='word_1_226' title='bbox 751 3379 808 3460; x_wconf 91' lang='lat' dir='ltr'>bis,</span> <span class='ocrx_word' id='word_1_227' title='bbox 837 3382 886 3459; x_wconf 82' lang='lat'>21,</span> <span class='ocrx_word' id='word_1_228' title='bbox 913 3381 962 3458; x_wconf 87' lang='lat'>31,</span> <span class='ocrx_word' id='word_1_229' title='bbox 987 3380 1037 3459; x_wconf 86' lang='lat'>33,</span> <span class='ocrx_word' id='word_1_230' title='bbox 1064 3381 1113 3460; x_wconf 83' lang='lat'>35,</span> <span class='ocrx_word' id='word_1_231' title='bbox 1140 3380 1189 3459; x_wconf 82' lang='lat'>42,</span> 
     </span>
     <span class='ocr_line' id='line_1_31' title="bbox 91 3475 1188 3564; baseline 0.004 -26"><span class='ocrx_word' id='word_1_232' title='bbox 91 3477 132 3538; x_wconf 85' lang='grc'>46</span> <span class='ocrx_word' id='word_1_233' title='bbox 161 3475 218 3556; x_wconf 91' lang='lat' dir='ltr'>bis,</span> <span class='ocrx_word' id='word_1_234' title='bbox 247 3475 277 3539; x_wconf 94' lang='lat' dir='ltr'>h.</span> <span class='ocrx_word' id='word_1_235' title='bbox 306 3497 332 3540; x_wconf 90' lang='lat' dir='ltr'>e.</span> <span class='ocrx_word' id='word_1_236' title='bbox 364 3477 396 3540; x_wconf 93' lang='lat' dir='ltr'>in</span> <span class='ocrx_word' id='word_1_237' title='bbox 429 3478 512 3542; x_wconf 89' lang='lat' dir='ltr'>senis</span> <span class='ocrx_word' id='word_1_238' title='bbox 544 3479 754 3564; x_wconf 85' lang='lat' dir='ltr'>paragraphis</span> <span class='ocrx_word' id='word_1_239' title='bbox 785 3480 908 3560; x_wconf 87' lang='lat' dir='ltr'>singuli.</span> <span class='ocrx_word' id='word_1_240' title='bbox 955 3477 1054 3543; x_wconf 86' lang='lat' dir='ltr'>Vides</span> <span class='ocrx_word' id='word_1_241' title='bbox 1086 3479 1188 3560; x_wconf 89' lang='lat' dir='ltr'>igitur,</span> 
     </span>
     <span class='ocr_line' id='line_1_32' title="bbox 91 3576 1189 3660; baseline 0.005 -22"><span class='ocrx_word' id='word_1_242' title='bbox 91 3582 245 3660; x_wconf 88' lang='lat' dir='ltr'>quantum</span> <span class='ocrx_word' id='word_1_243' title='bbox 264 3576 404 3642; x_wconf 80' lang='lat' dir='ltr'>discedat</span> <span class='ocrx_word' id='word_1_244' title='bbox 423 3577 502 3642; x_wconf 87' lang='lat' dir='ltr'>haee</span> <span class='ocrx_word' id='word_1_245' title='bbox 517 3579 616 3643; x_wconf 92' lang='lat' dir='ltr'>oratio</span> <span class='ocrx_word' id='word_1_246' title='bbox 631 3600 651 3642; x_wconf 88' lang='lat' dir='ltr'>a</span> <span class='ocrx_word' id='word_1_247' title='bbox 665 3579 887 3644; x_wconf 86' lang='lat' dir='ltr'>Demosthenis</span> <span class='ocrx_word' id='word_1_248' title='bbox 902 3580 1133 3644; x_wconf 86' lang='lat' dir='ltr'>consuetudine.</span> <span class='ocrx_word' id='word_1_249' title='bbox 1147 3617 1189 3628; x_wconf 86' lang='lat'><em>-</em></span> 
     </span>
    </p>
   </div>
   <div class='ocr_carea' id='block_1_3' title="bbox 90 3676 1189 3760">
    <p class='ocr_par' dir='ltr' id='par_1_5' title="bbox 90 3676 1189 3760">
     <span class='ocr_line' id='line_1_33' title="bbox 90 3676 1189 3760; baseline 0.005 -21"><span class='ocrx_word' id='word_1_250' title='bbox 90 3676 262 3740; x_wconf 83' lang='lat' dir='ltr'>Praeterea</span> <span class='ocrx_word' id='word_1_251' title='bbox 290 3684 396 3742; x_wconf 88' lang='lat' dir='ltr'>monet</span> <span class='ocrx_word' id='word_1_252' title='bbox 424 3677 588 3760; x_wconf 56' lang='lat' dir='ltr'>stiriam),</span> <span class='ocrx_word' id='word_1_253' title='bbox 617 3678 769 3744; x_wconf 89' lang='lat' dir='ltr'>aduersus</span> <span class='ocrx_word' id='word_1_254' title='bbox 797 3701 889 3744; x_wconf 89' lang='lat' dir='ltr'>usum</span> <span class='ocrx_word' id='word_1_255' title='bbox 910 3678 1189 3746; x_wconf 88' lang='lat' dir='ltr'>Demosthenicum</span> 
     </span>
    </p>
   </div>
   <div class='ocr_carea' id='block_1_4' title="bbox 90 3824 1188 4396">
    <p class='ocr_par' dir='ltr' id='par_1_6' title="bbox 90 3824 1188 4063">
     <span class='ocr_line' id='line_1_34' title="bbox 175 3824 1188 3897; baseline 0.004 -19"><span class='ocrx_word' id='word_1_256' title='bbox 175 3824 197 3888; x_wconf 86' lang='lat'>¹)</span> <span class='ocrx_word' id='word_1_257' title='bbox 221 3827 254 3878; x_wconf 86' lang='lat' dir='ltr'>of.</span> <span class='ocrx_word' id='word_1_258' title='bbox 273 3828 357 3894; x_wconf 78' lang='lat' dir='ltr'>siggii</span> <span class='ocrx_word' id='word_1_259' title='bbox 380 3828 442 3880; x_wconf 84' lang='lat' dir='ltr'>diss.</span> <span class='ocrx_word' id='word_1_260' title='bbox 466 3829 483 3880; x_wconf 90' lang='lat' dir='ltr'>l.</span> <span class='ocrx_word' id='word_1_261' title='bbox 507 3843 570 3894; x_wconf 86' lang='lat' dir='ltr'>pag.</span> <span class='ocrx_word' id='word_1_262' title='bbox 593 3827 643 3882; x_wconf 86' lang='lat'>430</span> <span class='ocrx_word' id='word_1_263' title='bbox 666 3846 725 3894; x_wconf 88' lang='lat' dir='ltr'>prx.</span> <span class='ocrx_word' id='word_1_264' title='bbox 751 3833 778 3881; x_wconf 88' lang='lat' dir='ltr'>et</span> <span class='ocrx_word' id='word_1_265' title='bbox 803 3831 833 3882; x_wconf 85' lang='grc' dir='ltr'>Ε.</span> <span class='ocrx_word' id='word_1_266' title='bbox 851 3832 883 3883; x_wconf 88' lang='lat' dir='ltr'>R.</span> <span class='ocrx_word' id='word_1_267' title='bbox 902 3831 1019 3883; x_wconf 83' lang='lat' dir='ltr'>Schulzii</span> <span class='ocrx_word' id='word_1_268' title='bbox 1044 3829 1105 3883; x_wconf 89' lang='lat' dir='ltr'>diss.</span> <span class='ocrx_word' id='word_1_269' title='bbox 1128 3847 1153 3897; x_wconf 89' lang='lat' dir='ltr'>q.</span> <span class='ocrx_word' id='word_1_270' title='bbox 1172 3833 1188 3882; x_wconf 87' lang='lat' dir='ltr'>i.</span> 
     </span>
     <span class='ocr_line' id='line_1_35' title="bbox 93 3909 1188 3978; baseline 0.005 -19"><span class='ocrx_word' id='word_1_271' title='bbox 93 3909 318 3974; x_wconf 84' lang='lat' dir='ltr'>,prolegomenon</span> <span class='ocrx_word' id='word_1_272' title='bbox 342 3910 369 3961; x_wconf 94' lang='lat' dir='ltr'>in</span> <span class='ocrx_word' id='word_1_273' title='bbox 387 3911 574 3963; x_wconf 89' lang='lat' dir='ltr'>Demosthenis</span> <span class='ocrx_word' id='word_1_274' title='bbox 599 3929 668 3978; x_wconf 86' lang='lat' dir='ltr'>quae</span> <span class='ocrx_word' id='word_1_275' title='bbox 692 3913 777 3964; x_wconf 84' lang='lat' dir='ltr'>fertur</span> <span class='ocrx_word' id='word_1_276' title='bbox 798 3915 946 3966; x_wconf 83' lang='lat' dir='ltr'>orationem</span> <span class='ocrx_word' id='word_1_277' title='bbox 969 3913 1096 3965; x_wconf 85' lang='lat' dir='ltr'>aduersus</span> <span class='ocrx_word' id='word_1_278' title='bbox 1114 3917 1188 3978; x_wconf 89' lang='lat' dir='ltr'>Apa-</span> 
     </span>
     <span class='ocr_line' id='line_1_36' title="bbox 90 3990 822 4063; baseline 0.01 -20"><span class='ocrx_word' id='word_1_279' title='bbox 90 3993 189 4044; x_wconf 90' lang='lat' dir='ltr'>turium</span> <span class='ocrx_word' id='word_1_280' title='bbox 208 3993 298 4058; x_wconf 83' lang='lat' dir='ltr'>eapite</span> <span class='ocrx_word' id='word_1_281' title='bbox 316 3990 383 4044; x_wconf 81' lang='lat' dir='ltr'>duo“</span> <span class='ocrx_word' id='word_1_282' title='bbox 403 3993 523 4059; x_wconf 75' lang='lat' dir='ltr'>(Lipsiae</span> <span class='ocrx_word' id='word_1_283' title='bbox 540 3991 617 4057; x_wconf 79' lang='lat'><strong>1878)</strong></span> <span class='ocrx_word' id='word_1_284' title='bbox 634 4011 697 4061; x_wconf 85' lang='lat' dir='ltr'>pag.</span> <span class='ocrx_word' id='word_1_285' title='bbox 714 3993 747 4048; x_wconf 80' lang='lat'>48</span> <span class='ocrx_word' id='word_1_286' title='bbox 764 4014 822 4063; x_wconf 73' lang='lat' dir='ltr'>prx.</span> 
     </span>
    </p>

    <p class='ocr_par' dir='ltr' id='par_1_7' title="bbox 90 4073 1187 4228">
     <span class='ocr_line' id='line_1_37' title="bbox 174 4073 1187 4146; baseline 0.006 -20"><span class='ocrx_word' id='word_1_287' title='bbox 174 4073 197 4139; x_wconf 81' lang='lat'>²)</span> <span class='ocrx_word' id='word_1_288' title='bbox 214 4077 247 4127; x_wconf 86' lang='lat' dir='ltr'>os.</span> <span class='ocrx_word' id='word_1_289' title='bbox 270 4076 296 4146; x_wconf 76' lang='lat' dir='ltr'>d,</span> <span class='ocrx_word' id='word_1_290' title='bbox 314 4093 339 4142; x_wconf 91' lang='lat' dir='ltr'>q.</span> <span class='ocrx_word' id='word_1_291' title='bbox 357 4077 374 4130; x_wconf 92' lang='lat' dir='ltr'>i.</span> <span class='ocrx_word' id='word_1_292' title='bbox 399 4078 447 4138; x_wconf 83' lang='lat' dir='ltr'>,de</span> <span class='ocrx_word' id='word_1_293' title='bbox 472 4078 604 4130; x_wconf 89' lang='lat' dir='ltr'>infinitiuo</span> <span class='ocrx_word' id='word_1_294' title='bbox 628 4081 701 4146; x_wconf 88' lang='lat' dir='ltr'>apud</span> <span class='ocrx_word' id='word_1_295' title='bbox 728 4085 848 4142; x_wconf 82' lang='lat' dir='ltr'>pretores</span> <span class='ocrx_word' id='word_1_296' title='bbox 865 4080 969 4131; x_wconf 81' lang='lat' dir='ltr'>Atticos</span> <span class='ocrx_word' id='word_1_297' title='bbox 995 4097 1056 4131; x_wconf 89' lang='lat' dir='ltr'>ourn</span> <span class='ocrx_word' id='word_1_298' title='bbox 1075 4081 1187 4132; x_wconf 84' lang='lat' dir='ltr'>articulo</span> 
     </span>
     <span class='ocr_line' id='line_1_38' title="bbox 90 4157 1072 4228; baseline 0.002 -16"><span class='ocrx_word' id='word_1_299' title='bbox 90 4157 248 4212; x_wconf 79' lang='lat' dir='ltr'>coniuncto“</span> <span class='ocrx_word' id='word_1_300' title='bbox 267 4159 370 4224; x_wconf 84' lang='lat' dir='ltr'>(Progr.</span> <span class='ocrx_word' id='word_1_301' title='bbox 389 4159 484 4225; x_wconf 84' lang='lat' dir='ltr'>Gymn.</span> <span class='ocrx_word' id='word_1_302' title='bbox 503 4162 629 4214; x_wconf 85' lang='lat' dir='ltr'>Friderie.</span> <span class='ocrx_word' id='word_1_303' title='bbox 655 4164 789 4216; x_wconf 87' lang='lat' dir='ltr'>Sohwerin</span> <span class='ocrx_word' id='word_1_304' title='bbox 808 4161 882 4225; x_wconf 79' lang='lat'>1885)</span> <span class='ocrx_word' id='word_1_305' title='bbox 900 4178 963 4228; x_wconf 84' lang='lat' dir='ltr'>pag.</span> <span class='ocrx_word' id='word_1_306' title='bbox 980 4161 996 4214; x_wconf 92' lang='grc'>2</span> <span class='ocrx_word' id='word_1_307' title='bbox 1013 4179 1072 4228; x_wconf 89' lang='lat' dir='ltr'>prx.</span> 
     </span>
    </p>

    <p class='ocr_par' dir='ltr' id='par_1_8' title="bbox 90 4239 1187 4396">
     <span class='ocr_line' id='line_1_39' title="bbox 173 4239 1187 4309; baseline 0.009 -17"><span class='ocrx_word' id='word_1_308' title='bbox 173 4239 196 4306; x_wconf 85' lang='lat'>³)</span> <span class='ocrx_word' id='word_1_309' title='bbox 215 4243 248 4294; x_wconf 84' lang='lat' dir='ltr'>ef.</span> <span class='ocrx_word' id='word_1_310' title='bbox 266 4242 291 4294; x_wconf 92' lang='lat' dir='ltr'>d.</span> <span class='ocrx_word' id='word_1_311' title='bbox 310 4260 335 4309; x_wconf 89' lang='lat' dir='ltr'>q.</span> <span class='ocrx_word' id='word_1_312' title='bbox 353 4244 370 4294; x_wconf 90' lang='lat' dir='ltr'>i.</span> <span class='ocrx_word' id='word_1_313' title='bbox 392 4246 472 4306; x_wconf 84' lang='lat' dir='ltr'>,Zum</span> <span class='ocrx_word' id='word_1_314' title='bbox 485 4245 627 4298; x_wconf 81' lang='lat' dir='ltr'>Gebraueh</span> <span class='ocrx_word' id='word_1_315' title='bbox 645 4247 692 4298; x_wconf 89' lang='lat' dir='ltr'>des</span> <span class='ocrx_word' id='word_1_316' title='bbox 709 4247 827 4298; x_wconf 85' lang='lat' dir='ltr'>Infinitir</span> <span class='ocrx_word' id='word_1_317' title='bbox 844 4247 892 4297; x_wconf 88' lang='lat' dir='ltr'>mit</span> <span class='ocrx_word' id='word_1_318' title='bbox 904 4247 1011 4298; x_wconf 80' lang='lat' dir='ltr'>Artikel</span> <span class='ocrx_word' id='word_1_319' title='bbox 1028 4247 1071 4298; x_wconf 89' lang='lat' dir='ltr'>bei</span> <span class='ocrx_word' id='word_1_320' title='bbox 1088 4247 1187 4302; x_wconf 87' lang='lat' dir='ltr'>Demo-</span> 
     </span>
     <span class='ocr_line' id='line_1_40' title="bbox 90 4323 713 4396; baseline 0.006 -17"><span class='ocrx_word' id='word_1_321' title='bbox 90 4323 213 4379; x_wconf 85' lang='lat' dir='ltr'>sthenes“</span> <span class='ocrx_word' id='word_1_322' title='bbox 233 4325 369 4380; x_wconf 81' lang='lat' dir='ltr'>(Rottweil</span> <span class='ocrx_word' id='word_1_323' title='bbox 387 4326 452 4381; x_wconf 87' lang='lat'>1881</span> <span class='ocrx_word' id='word_1_324' title='bbox 471 4326 656 4396; x_wconf 85' lang='lat' dir='ltr'>Prog1·.)pag.</span> <span class='ocrx_word' id='word_1_325' title='bbox 674 4326 713 4383; x_wconf 89' lang='lat'>11.</span> 
     </span>
    </p>
   </div>
   <div class='ocr_carea' id='block_1_5' title="bbox 0 0 1432 4960">
    <p class='ocr_par' dir='ltr' id='par_1_9' title="bbox 0 0 1432 4960">
     <span class='ocr_line' id='line_1_41' title="bbox 0 0 1432 4960; baseline 0 1"><span class='ocrx_word' id='word_1_326' title='bbox 0 0 1432 4960; x_wconf 95' lang='lat' dir='ltr'> </span> 
     </span>
    </p>
   </div>
  </div>
 </body>
</html>
