2670 4786
116 503 294 581 μελλούσης
333 505 367 565 δὲ
398 513 455 578 τῆς
494 505 590 579 δίκης,
622 525 693 566 cum
726 502 763 566 G.
795 504 837 567 H.
868 503 1058 568 Schaeferus
1071 504 1094 584 ¹)
1129 504 1218 568 malit

115 600 247 666 fratrem
277 624 296 666 a
318 601 345 682 ὅ.
367 605 407 666 22
428 603 556 667 demum
578 604 683 667 uerbis
706 607 737 678 ἐξ
760 607 864 665 αὐτοῦ
887 605 924 676 δὴ
945 615 1007 666 τοῦ
1029 607 1219 689 πράγματος

103 701 255 786 ,incipere
283 704 385 785 loqui:
418 711 471 783 „ut
503 705 613 787 prioris
647 703 754 768 oratio.
779 702 834 764 vd
852 704 1107 788 μαρτνρούμενα,
1136 724 1219 786 quac

87 873 91 879 ¹
114 801 338 866 Phormionem
365 811 451 867 recta
473 804 703 885 commearent,
726 802 906 888 posterioris
927 806 1141 889 τὰτεκμήρια
1164 808 1219 865 καὶ

113 905 162 964 τὰ
190 902 310 977 εἰκότα,
338 923 419 985 quae
446 911 478 967 et
505 905 583 987 ipsa,
613 905 670 968 etsi
700 925 756 989 per
781 904 942 987 ambages,
970 903 1220 968 demonstrarent
1249 968 1252 973 ,
1316 960 1320 967 .

114 1001 262 1066 fraudem
296 1002 423 1084 factam,
455 1005 621 1088 complexa
651 1004 719 1067 sit“.
773 1003 842 1068 Sed.
867 1025 962 1087 quam
994 1004 1043 1066 his
1076 1005 1220 1068 omnibus

115 1102 325 1167 diuisionibus
347 1105 437 1168 multi
459 1112 647 1168 moueantur
670 1105 815 1190 scrupuli,
837 1105 907 1187 quis
936 1111 983 1168 est
1005 1104 1080 1188 quin
1102 1104 1219 1187 uideat,

116 1223 188 1265 cum
218 1204 357 1286 exempli
386 1205 487 1283 gratia
515 1204 655 1268 conferat
684 1204 710 1284 ἓ.
737 1207 777 1267 23
806 1205 905 1268 uerba
934 1206 1029 1277 οὗτος
1058 1205 1218 1268 ἐδάνεισεν

116 1325 189 1367 oum
211 1302 237 1383 ἕ.
259 1306 298 1366 31
324 1305 391 1394 ἐμοὶ
412 1316 459 1386 τῷ
485 1306 682 1380 δανείσαντι,
709 1304 821 1368 deinde
843 1303 868 1383 ἓ.
891 1307 930 1367 29
953 1305 1012 1366 τὸν
1034 1305 1139 1367 παῖδα
1161 1306 1220 1369 τὸν

115 1405 241 1467 τούτου
270 1394 340 1467 cum
375 1401 411 1483 ᾗ.
430 1407 467 1467 41
502 1407 561 1468 τὸν
594 1408 699 1467 παῖδα
732 1407 792 1468 τὸν
820 1405 906 1485 ἐμόν,
939 1411 1006 1468 tum
1039 1402 1065 1483 ἓ.
1096 1406 1133 1468 31
1163 1416 1220 1479 τῆς

116 1513 303 1589 συγγραφῆς
332 1528 385 1566 σοι
412 1505 546 1585 κειμένης
576 1505 731 1578 Ἀθήνησι
759 1506 812 1564 καὶ
839 1505 916 1589 πρὸς
947 1507 999 1584 ἐμὲ
1028 1525 1099 1567 cum
1127 1504 1153 1585 ξ.
1180 1508 1219 1568 32

116 1602 206 1678 εἰδὼς
230 1604 319 1666 κατὰ
340 1614 401 1666 σοῦ
429 1607 570 1686 κειμένην
597 1605 750 1676 Ἀθήνησι
779 1605 967 1689 συγγραφὴν
988 1606 1065 1690 πρὸς
1088 1614 1220 1680 τοῦτον,

116 1701 192 1783 alia,
216 1722 298 1785 quac
321 1704 362 1767 ab
384 1704 445 1767 illis
466 1704 521 1767 uni
550 1704 774 1784 attribuuntur,
802 1703 858 1768 sed
887 1711 970 1767 certe
999 1726 1058 1768 non
1089 1705 1129 1768 ab
1157 1727 1219 1768 uno

116 1803 293 1888 eodemque
315 1805 398 1868 dicta
421 1826 489 1868 csse
511 1806 662 1886 possunt?
697 1805 804 1878 Quare
826 1805 1013 1868 recentiores
1034 1806 1220 1891 interpretes

117 1902 215 1966 etiam
238 1911 333 1988 atque
356 1905 452 1969 etiam
475 1905 648 1968 orationem
671 1904 846 1968 diuidentes
880 1905 928 1967 his
961 1926 1043 1988 quae
1075 1906 1156 1968 inter
1186 1926 1219 1968 se

116 2005 331 2088 repugnantia
372 2026 441 2068 esse
483 2004 550 2066 dixi
585 2004 703 2067 mederi
739 2003 917 2067 studebant.
973 2005 1022 2067 Ac
1056 2004 1220 2069 Baitcrum

117 2102 369 2189 Sauppiumque,
398 2105 532 2168 editores
555 2105 750 2184 Turicenses,
779 2111 904 2168 secutus
932 2103 1220 2185 111111111ιεῖ),

118 2204 170 2267 oui
193 2204 405 2290 adstipulatur
426 2204 600 2282 Darcstius
624 2205 812 2289 tripartitam
835 2226 905 2268 eam
927 2205 1005 2267 uult·
1018 2226 1096 2287 esse,
1119 2206 1164 2268 ita
1185 2212 1220 2267 ut

83 2302 86 2309 '
119 2301 299 2390 Chrysippo
322 2305 383 2368 sint
405 2304 615 2384 attribuenda,
638 2325 720 2388 quae
737 2305 886 2386 leguntur
902 2305 974 2367 inde
997 2326 1016 2368 a
1038 2304 1095 2384 §.1
1120 2324 1220 2386 usque

118 2402 160 2466 ad
190 2402 217 2483 ἓ.
243 2408 279 2468 18
309 2412 341 2468 et
368 2427 387 2468 a
416 2404 442 2484 ξ.
464 2408 504 2468 33
533 2425 632 2486 usque
662 2404 702 2467 ad
730 2406 834 2483 finem,
863 2405 992 2485 eiusque
1021 2404 1109 2467 fratri
1138 2424 1219 2485 quae

117 2504 201 2566 inter
223 2502 250 2582 ξ.
268 2507 305 2566 18
327 2511 359 2567 et
381 2503 465 2583 §.33
487 2503 691 2567 intercedunt.
727 2503 889 2566 Nitschius
910 2525 986 2567 uero
1008 2505 1060 2566 uel
1082 2505 1219 2585 quinque

119 2614 227 2688 partes
256 2606 376 2685 statuit,
405 2626 475 2668 cum
508 2604 582 2666 dicit
594 2605 631 2682 3);
667 2603 907 2682 „Demosthenis
939 2605 970 2666 in
998 2604 1219 2667 Phormionem

118 2705 294 2767 orationem
327 2706 372 2767 ita
404 2704 555 2767 distribuo
587 2705 667 2767 inter
699 2705 765 2766 cius
799 2710 931 2766 actores:
967 2706 1065 2766 1-17
1098 2701 1219 2786 (ἔχητε)

120 2803 319 2889 Chrysippus
340 2805 487 2888 loquitur,
520 2806 640 2867 18-29
669 2801 842 2882 (κοινωνόν)
870 2804 936 2865 eius
959 2804 1066 2885 frater,
1095 2805 1215 2866 30-31

118 2902 203 2982 (ἴστε
224 2939 266 2946 ——
289 2904 465 2988 ἐλεύθερον)
489 2903 568 2982 Chr„
591 2903 714 2966 32-33
736 2900 766 2982 (ἡ
787 2901 846 2988 γὰρ
862 2939 904 2949 -
921 2903 1090 2979 ἐνθέσθαι)
1113 2903 1220 2983 frater,

120 3005 246 3067 34-52
267 3001 388 3083 (καὶτὸ
404 3005 457 3080 μὲν
471 3041 512 3050 -
527 3005 682 3076 κελεύητε)
706 3002 840 3086 denique
856 3001 958 3083 dhrf‘,
980 3023 1043 3084 qua
1061 3002 1220 3067 diuidendi

120 3105 243 3168 ratione
266 3102 383 3166 addere
406 3104 541 3186 cogitur:
566 3100 672 3183 „§.232
695 3101 1095 3166 ε1111ιε111111111αε1ὅδε-
1118 3105 1220 3176 ἐποιή-

120 3227 205 3266 σατο
235 3225 292 3288 pro
321 3203 387 3265 οἵδε
414 3206 619 3276 ἐποιήσαντο,
650 3201 675 3279 ᾖ.
704 3204 744 3264 40
772 3202 906 3266 fortasse
934 3203 1137 3284 ἐπεδείξαμεν
1163 3225 1220 3284 pro

119 3300 293 3376 ἐπέδειξα“.
337 3299 569 3379 Lortningius4)
595 3300 794 3363 scribendum
815 3323 883 3364 esse
906 3308 1012 3366 censet
1033 3302 1088 3362 καὶ
1110 3301 1141 3362 οἳ
1163 3303 1218 3381 μὲν

119 3402 354 3481 ἐποιησάμεθα.
389 3401 450 3466 Scd
466 3424 505 3465 nc
522 3400 705 3481 sicquidem
722 3423 830 3464 omncs
844 3403 996 3465 tolluntur
1011 3402 1221 3465 difficultates.

119 3500 292 3565 Schaefero
322 3501 457 3565 concedo
488 3502 565 3564 nihil
593 3501 726 3580 obstare,
753 3503 917 3582 quominus
944 3522 1005 3583 quo
1032 3503 1099 3565 iure
1122 3501 1220 3586 Chry-

120 3603 239 3686 sippus,
269 3601 380 3665 eodem
410 3602 507 3664 frater
536 3603 702 3684 pecuniam
729 3602 909 3665 Phormioni
941 3609 1083 3664 mutuam
1115 3603 1221 3665 datam

205 3805 226 3871 1)
247 3811 408 3875 „apparatus
433 3808 538 3858 criticus
563 3811 588 3858 et
613 3810 763 3874 exegeticus
786 3809 819 3860 ad
842 3806 1220 3871 Demosthene1n“‚tomIV.

119 3908 181 3962 pag.
199 3888 258 3943 547.
308 3927 310 3930 ψ

204 3971 226 4037 ²)
246 3975 262 4025 l.
281 3975 298 4024 l.
317 3989 377 4040 pag.
395 3970 446 4025 304
463 3990 520 4041 prx.

204 4055 226 4121 ³)
246 4056 294 4120 „de
312 4056 464 4107 traiciendis
488 4055 608 4122 pertibus
632 4057 659 4107 in
682 4055 866 4109 Demosthenis
891 4056 1078 4122 orationibua“‚
1102 4060 1222 4110 Berolini

120 4128 202 4206 1863,ι
213 4141 274 4192 diss.
293 4140 359 4191 thes.
376 4136 400 4190 4.

203 4220 227 4287 ⁴)
245 4225 262 4275 l.
281 4223 381 4273 11191.
400 4219 424 4273 1.
